%YAML 1.1
%TAG !u! tag:unity3d.com,2011:
--- !u!1 &1205144208069973375
GameObject:
  m_ObjectHideFlags: 0
  m_CorrespondingSourceObject: {fileID: 0}
  m_PrefabInstance: {fileID: 0}
  m_PrefabAsset: {fileID: 0}
  serializedVersion: 6
  m_Component:
  - component: {fileID: 6854915998618109224}
  - component: {fileID: 3006731076060732433}
  - component: {fileID: 471814619031920924}
  m_Layer: 11
  m_Name: Vision
  m_TagString: Untagged
  m_Icon: {fileID: 0}
  m_NavMeshLayer: 0
  m_StaticEditorFlags: 0
  m_IsActive: 1
--- !u!4 &6854915998618109224
Transform:
  m_ObjectHideFlags: 0
  m_CorrespondingSourceObject: {fileID: 0}
  m_PrefabInstance: {fileID: 0}
  m_PrefabAsset: {fileID: 0}
  m_GameObject: {fileID: 1205144208069973375}
  m_LocalRotation: {x: 0, y: 0, z: 0, w: 1}
  m_LocalPosition: {x: 0, y: 0, z: 0}
  m_LocalScale: {x: 1, y: 1, z: 1}
  m_Children: []
  m_Father: {fileID: 4825428864811259942}
  m_RootOrder: 2
  m_LocalEulerAnglesHint: {x: 0, y: 0, z: 0}
--- !u!135 &3006731076060732433
SphereCollider:
  m_ObjectHideFlags: 0
  m_CorrespondingSourceObject: {fileID: 0}
  m_PrefabInstance: {fileID: 0}
  m_PrefabAsset: {fileID: 0}
  m_GameObject: {fileID: 1205144208069973375}
  m_Material: {fileID: 0}
  m_IsTrigger: 1
  m_Enabled: 1
  serializedVersion: 2
  m_Radius: 15
  m_Center: {x: 0, y: 0, z: 17}
--- !u!114 &471814619031920924
MonoBehaviour:
  m_ObjectHideFlags: 0
  m_CorrespondingSourceObject: {fileID: 0}
  m_PrefabInstance: {fileID: 0}
  m_PrefabAsset: {fileID: 0}
  m_GameObject: {fileID: 1205144208069973375}
  m_Enabled: 1
  m_EditorHideFlags: 0
  m_Script: {fileID: 11500000, guid: 685dd5969d40ae1db9635a57894a7b3a, type: 3}
  m_Name: 
  m_EditorClassIdentifier: 
  targets:
  - {fileID: 350001564351527187}
  - {fileID: 3887137260508508775}
  - {fileID: 2978990044265510114}
  - {fileID: 1833459555761382317}
  - {fileID: 2273056780983833472}
  isThreat: 0
  closestEntry: 0
  closestDistance: 0
  tellTime: 1
  ignoreTime: 5
  npcSound: {fileID: 6855573581207281041}
  attackScript: {fileID: 4825428864811260122}
  archerAttackScript: {fileID: 0}
  afraidOfFire: 1
  distToKeepFromFire: 30
  fireAlert: 0
  fireLocation: {x: 0, y: 0, z: 0}
  fireRunDist: 10
  ladders: []
  suspectLadder: {fileID: 0}
  returnLadder: {fileID: 0}
  debugOn: 0
--- !u!1 &1646577947651717073
GameObject:
  m_ObjectHideFlags: 0
  m_CorrespondingSourceObject: {fileID: 0}
  m_PrefabInstance: {fileID: 0}
  m_PrefabAsset: {fileID: 0}
  serializedVersion: 6
  m_Component:
  - component: {fileID: 3201716944971244622}
  - component: {fileID: 2479160077677934304}
  m_Layer: 8
  m_Name: New Sprite Mask
  m_TagString: Untagged
  m_Icon: {fileID: 0}
  m_NavMeshLayer: 0
  m_StaticEditorFlags: 0
  m_IsActive: 1
--- !u!4 &3201716944971244622
Transform:
  m_ObjectHideFlags: 0
  m_CorrespondingSourceObject: {fileID: 0}
  m_PrefabInstance: {fileID: 0}
  m_PrefabAsset: {fileID: 0}
  m_GameObject: {fileID: 1646577947651717073}
  m_LocalRotation: {x: 0, y: 0, z: 0, w: 1}
  m_LocalPosition: {x: 0, y: 0.3, z: 1.25}
  m_LocalScale: {x: 1, y: 1, z: 1}
  m_Children: []
  m_Father: {fileID: 8954556084521521544}
  m_RootOrder: 11
  m_LocalEulerAnglesHint: {x: 0, y: 0, z: 0}
--- !u!331 &2479160077677934304
SpriteMask:
  m_ObjectHideFlags: 0
  m_CorrespondingSourceObject: {fileID: 0}
  m_PrefabInstance: {fileID: 0}
  m_PrefabAsset: {fileID: 0}
  m_GameObject: {fileID: 1646577947651717073}
  m_Enabled: 1
  m_CastShadows: 1
  m_ReceiveShadows: 1
  m_DynamicOccludee: 1
  m_MotionVectors: 1
  m_LightProbeUsage: 1
  m_ReflectionProbeUsage: 1
  m_RayTracingMode: 0
  m_RenderingLayerMask: 1
  m_RendererPriority: 0
  m_Materials:
  - {fileID: 10758, guid: 0000000000000000f000000000000000, type: 0}
  m_StaticBatchInfo:
    firstSubMesh: 0
    subMeshCount: 0
  m_StaticBatchRoot: {fileID: 0}
  m_ProbeAnchor: {fileID: 0}
  m_LightProbeVolumeOverride: {fileID: 0}
  m_ScaleInLightmap: 1
  m_ReceiveGI: 1
  m_PreserveUVs: 0
  m_IgnoreNormalsForChartDetection: 0
  m_ImportantGI: 0
  m_StitchLightmapSeams: 1
  m_SelectedEditorRenderState: 3
  m_MinimumChartSize: 4
  m_AutoUVMaxDistance: 0.5
  m_AutoUVMaxAngle: 89
  m_LightmapParameters: {fileID: 0}
  m_SortingLayerID: 0
  m_SortingLayer: 0
  m_SortingOrder: 0
  m_Sprite: {fileID: 21300000, guid: 6c45b60a9b10a05ba853e860fd4fa44a, type: 3}
  m_MaskAlphaCutoff: 0
  m_FrontSortingLayerID: 0
  m_BackSortingLayerID: 0
  m_FrontSortingLayer: 0
  m_BackSortingLayer: 0
  m_FrontSortingOrder: 0
  m_BackSortingOrder: 0
  m_IsCustomRangeActive: 0
  m_SpriteSortPoint: 0
--- !u!1 &2629568031602950519
GameObject:
  m_ObjectHideFlags: 0
  m_CorrespondingSourceObject: {fileID: 0}
  m_PrefabInstance: {fileID: 0}
  m_PrefabAsset: {fileID: 0}
  serializedVersion: 6
  m_Component:
  - component: {fileID: 7225149906235199771}
  - component: {fileID: 2078111237093637130}
  - component: {fileID: 5447144000964635660}
  m_Layer: 10
  m_Name: FireDetector
  m_TagString: Untagged
  m_Icon: {fileID: 0}
  m_NavMeshLayer: 0
  m_StaticEditorFlags: 0
  m_IsActive: 1
--- !u!4 &7225149906235199771
Transform:
  m_ObjectHideFlags: 0
  m_CorrespondingSourceObject: {fileID: 0}
  m_PrefabInstance: {fileID: 0}
  m_PrefabAsset: {fileID: 0}
  m_GameObject: {fileID: 2629568031602950519}
  m_LocalRotation: {x: -0, y: -0, z: -0, w: 1}
  m_LocalPosition: {x: 0, y: 0, z: 0}
  m_LocalScale: {x: 1, y: 1, z: 1}
  m_Children: []
  m_Father: {fileID: 4825428864811259942}
  m_RootOrder: 1
  m_LocalEulerAnglesHint: {x: 0, y: 0, z: 0}
--- !u!136 &2078111237093637130
CapsuleCollider:
  m_ObjectHideFlags: 0
  m_CorrespondingSourceObject: {fileID: 0}
  m_PrefabInstance: {fileID: 0}
  m_PrefabAsset: {fileID: 0}
  m_GameObject: {fileID: 2629568031602950519}
  m_Material: {fileID: 0}
  m_IsTrigger: 1
  m_Enabled: 1
  m_Radius: 0.6
  m_Height: 1.5
  m_Direction: 1
  m_Center: {x: 0, y: 0, z: 0}
--- !u!114 &5447144000964635660
MonoBehaviour:
  m_ObjectHideFlags: 0
  m_CorrespondingSourceObject: {fileID: 0}
  m_PrefabInstance: {fileID: 0}
  m_PrefabAsset: {fileID: 0}
  m_GameObject: {fileID: 2629568031602950519}
  m_Enabled: 1
  m_EditorHideFlags: 0
  m_Script: {fileID: 11500000, guid: b2635fc0286bdda369334f08c7272984, type: 3}
  m_Name: 
  m_EditorClassIdentifier: 
  ourFire: {fileID: 3736752145378999537}
  healthScript: {fileID: 4825428864811259943}
  heat: 0
  flameSprite: {fileID: 3736752145378999537}
  spriteRenders:
  - {fileID: 8954556084885877446}
  - {fileID: 8954556085092761736}
  - {fileID: 2557382244110110730}
  npcSound: {fileID: 6855573581207281041}
  sourceOfFire: {x: 0, y: 0, z: 0}
--- !u!1 &3736752145378999537
GameObject:
  m_ObjectHideFlags: 0
  m_CorrespondingSourceObject: {fileID: 0}
  m_PrefabInstance: {fileID: 0}
  m_PrefabAsset: {fileID: 0}
  serializedVersion: 6
  m_Component:
  - component: {fileID: 671571807556178311}
  - component: {fileID: 4318473093969997480}
  - component: {fileID: 8571235031730346655}
  - component: {fileID: 3431049531502187659}
  m_Layer: 9
  m_Name: Fire
  m_TagString: Fire
  m_Icon: {fileID: 0}
  m_NavMeshLayer: 0
  m_StaticEditorFlags: 0
  m_IsActive: 0
--- !u!4 &671571807556178311
Transform:
  m_ObjectHideFlags: 0
  m_CorrespondingSourceObject: {fileID: 0}
  m_PrefabInstance: {fileID: 0}
  m_PrefabAsset: {fileID: 0}
  m_GameObject: {fileID: 3736752145378999537}
  m_LocalRotation: {x: -0.000000059604645, y: -0, z: -0, w: 1}
  m_LocalPosition: {x: 0, y: 0.1, z: 0}
  m_LocalScale: {x: 0.3, y: 0.7500002, z: 0.20000002}
  m_Children: []
  m_Father: {fileID: 8954556084521521544}
  m_RootOrder: 10
  m_LocalEulerAnglesHint: {x: 0, y: 0, z: 0}
--- !u!212 &4318473093969997480
SpriteRenderer:
  m_ObjectHideFlags: 0
  m_CorrespondingSourceObject: {fileID: 0}
  m_PrefabInstance: {fileID: 0}
  m_PrefabAsset: {fileID: 0}
  m_GameObject: {fileID: 3736752145378999537}
  m_Enabled: 1
  m_CastShadows: 0
  m_ReceiveShadows: 0
  m_DynamicOccludee: 1
  m_MotionVectors: 1
  m_LightProbeUsage: 1
  m_ReflectionProbeUsage: 1
  m_RayTracingMode: 0
  m_RenderingLayerMask: 1
  m_RendererPriority: 0
  m_Materials:
  - {fileID: 10754, guid: 0000000000000000f000000000000000, type: 0}
  m_StaticBatchInfo:
    firstSubMesh: 0
    subMeshCount: 0
  m_StaticBatchRoot: {fileID: 0}
  m_ProbeAnchor: {fileID: 0}
  m_LightProbeVolumeOverride: {fileID: 0}
  m_ScaleInLightmap: 1
  m_ReceiveGI: 1
  m_PreserveUVs: 0
  m_IgnoreNormalsForChartDetection: 0
  m_ImportantGI: 0
  m_StitchLightmapSeams: 1
  m_SelectedEditorRenderState: 0
  m_MinimumChartSize: 4
  m_AutoUVMaxDistance: 0.5
  m_AutoUVMaxAngle: 89
  m_LightmapParameters: {fileID: 0}
  m_SortingLayerID: 0
  m_SortingLayer: 0
  m_SortingOrder: 3
  m_Sprite: {fileID: 8334651344603559088, guid: ced3005a7f33e320fa73864bc3799790,
    type: 3}
  m_Color: {r: 1, g: 1, b: 1, a: 1}
  m_FlipX: 0
  m_FlipY: 0
  m_DrawMode: 0
  m_Size: {x: 0.82, y: 0.82}
  m_AdaptiveModeThreshold: 0.5
  m_SpriteTileMode: 0
  m_WasSpriteAssigned: 1
  m_MaskInteraction: 0
  m_SpriteSortPoint: 0
--- !u!95 &8571235031730346655
Animator:
  serializedVersion: 3
  m_ObjectHideFlags: 0
  m_CorrespondingSourceObject: {fileID: 0}
  m_PrefabInstance: {fileID: 0}
  m_PrefabAsset: {fileID: 0}
  m_GameObject: {fileID: 3736752145378999537}
  m_Enabled: 1
  m_Avatar: {fileID: 0}
  m_Controller: {fileID: 9100000, guid: d54c692ea91d275f9b50b7fda12925aa, type: 2}
  m_CullingMode: 0
  m_UpdateMode: 0
  m_ApplyRootMotion: 0
  m_LinearVelocityBlending: 0
  m_WarningMessage: 
  m_HasTransformHierarchy: 1
  m_AllowConstantClipSamplingOptimization: 1
  m_KeepAnimatorControllerStateOnDisable: 0
--- !u!135 &3431049531502187659
SphereCollider:
  m_ObjectHideFlags: 0
  m_CorrespondingSourceObject: {fileID: 0}
  m_PrefabInstance: {fileID: 0}
  m_PrefabAsset: {fileID: 0}
  m_GameObject: {fileID: 3736752145378999537}
  m_Material: {fileID: 0}
  m_IsTrigger: 0
  m_Enabled: 1
  serializedVersion: 2
  m_Radius: 0.1
  m_Center: {x: 0, y: 0.2, z: 0}
--- !u!1 &4218410351179844179
GameObject:
  m_ObjectHideFlags: 0
  m_CorrespondingSourceObject: {fileID: 0}
  m_PrefabInstance: {fileID: 0}
  m_PrefabAsset: {fileID: 0}
  serializedVersion: 6
  m_Component:
  - component: {fileID: 8537398488247519211}
  - component: {fileID: 3156676434865716912}
  - component: {fileID: 6962377920844124805}
  - component: {fileID: 7564500063391966048}
  m_Layer: 15
  m_Name: WaterDetector
  m_TagString: Untagged
  m_Icon: {fileID: 0}
  m_NavMeshLayer: 0
  m_StaticEditorFlags: 0
  m_IsActive: 1
--- !u!4 &8537398488247519211
Transform:
  m_ObjectHideFlags: 0
  m_CorrespondingSourceObject: {fileID: 0}
  m_PrefabInstance: {fileID: 0}
  m_PrefabAsset: {fileID: 0}
  m_GameObject: {fileID: 4218410351179844179}
  m_LocalRotation: {x: -0, y: -0, z: -0, w: 1}
  m_LocalPosition: {x: 0, y: 0, z: 0}
  m_LocalScale: {x: 1, y: 1, z: 1}
  m_Children: []
  m_Father: {fileID: 4825428864811259942}
  m_RootOrder: 3
  m_LocalEulerAnglesHint: {x: 0, y: 0, z: 0}
--- !u!136 &3156676434865716912
CapsuleCollider:
  m_ObjectHideFlags: 0
  m_CorrespondingSourceObject: {fileID: 0}
  m_PrefabInstance: {fileID: 0}
  m_PrefabAsset: {fileID: 0}
  m_GameObject: {fileID: 4218410351179844179}
  m_Material: {fileID: 0}
  m_IsTrigger: 1
  m_Enabled: 1
  m_Radius: 0.3
  m_Height: 1.5
  m_Direction: 1
  m_Center: {x: 0, y: 0, z: 0}
--- !u!114 &6962377920844124805
MonoBehaviour:
  m_ObjectHideFlags: 0
  m_CorrespondingSourceObject: {fileID: 0}
  m_PrefabInstance: {fileID: 0}
  m_PrefabAsset: {fileID: 0}
  m_GameObject: {fileID: 4218410351179844179}
  m_Enabled: 1
  m_EditorHideFlags: 0
  m_Script: {fileID: 11500000, guid: b2c9e3032b13f2d308e5f7c14392a694, type: 3}
  m_Name: 
  m_EditorClassIdentifier: 
  sprites:
  - {fileID: 8954556084885877450}
  - {fileID: 8954556085092761740}
  - {fileID: 8954556083913352431}
  - {fileID: 5116476837559361602}
  animators:
  - {fileID: 8954556084885877449}
  - {fileID: 8954556085092761739}
  - {fileID: 8954556083913352426}
  - {fileID: 7395341581858729379}
  spriteMask: {fileID: 1646577947651717073}
  stats: {fileID: 4825428864811259940}
  depth: 0
  capCol: {fileID: 4825428864811259939}
  zombieScript: {fileID: 4825428864811260121}
  healthScript: {fileID: 4825428864811259943}
  waterScripts: []
  bridges: []
  splashPrefab: {fileID: 1919918915338095542, guid: b84613a335c601028a368b7a7c085c08,
    type: 3}
  audioSource: {fileID: 7564500063391966048}
  voiceSource: {fileID: 4825428864811260126}
  bigSplashSounds:
  - {fileID: 8300000, guid: 891e8b8d36879e86583c9202d3580bcc, type: 3}
  - {fileID: 8300000, guid: 68b541e37351e08fe84f699d42cc012b, type: 3}
  smallSplashSounds:
  - {fileID: 8300000, guid: cb04fd8d6afbda92fb2bbf37f2db654c, type: 3}
  - {fileID: 8300000, guid: 2190b13d2795210fe9b9b4e97cc7a96d, type: 3}
  - {fileID: 8300000, guid: f9ca2cddc97a97fb68a4a2d706d73587, type: 3}
  drowningSounds:
  - {fileID: 8300000, guid: 0c4d316253065f8f59d40e52c51601f6, type: 3}
  - {fileID: 8300000, guid: aad0d17d4bb2ab483965513ac69d3ef4, type: 3}
  - {fileID: 8300000, guid: 76dfca07d4f9e1523b6f4bc20b26dcd7, type: 3}
  drownedSounds:
  - {fileID: 8300000, guid: 53909a84a2cc9c02488fdd9aa175809a, type: 3}
  - {fileID: 8300000, guid: fa308e9a4222e27cd99f3718e6ed82a6, type: 3}
  - {fileID: 8300000, guid: ffd54338fb07db5348ade1b276aa9e70, type: 3}
  gaspingSounds:
  - {fileID: 8300000, guid: a072dd71203c58f21b1a2c36c39f05b2, type: 3}
  navAgent: {fileID: 4825428864811260123}
  rb: {fileID: 4825428864811259938}
--- !u!82 &7564500063391966048
AudioSource:
  m_ObjectHideFlags: 0
  m_CorrespondingSourceObject: {fileID: 0}
  m_PrefabInstance: {fileID: 0}
  m_PrefabAsset: {fileID: 0}
  m_GameObject: {fileID: 4218410351179844179}
  m_Enabled: 1
  serializedVersion: 4
  OutputAudioMixerGroup: {fileID: 0}
  m_audioClip: {fileID: 0}
  m_PlayOnAwake: 0
  m_Volume: 0.32
  m_Pitch: 1
  Loop: 0
  Mute: 0
  Spatialize: 0
  SpatializePostEffects: 0
  Priority: 128
  DopplerLevel: 1
  MinDistance: 1
  MaxDistance: 100
  Pan2D: 0
  rolloffMode: 1
  BypassEffects: 0
  BypassListenerEffects: 0
  BypassReverbZones: 0
  rolloffCustomCurve:
    serializedVersion: 2
    m_Curve:
    - serializedVersion: 3
      time: 0
      value: 1
      inSlope: 0
      outSlope: 0
      tangentMode: 0
      weightedMode: 0
      inWeight: 0.33333334
      outWeight: 0.33333334
    - serializedVersion: 3
      time: 1
      value: 0
      inSlope: 0
      outSlope: 0
      tangentMode: 0
      weightedMode: 0
      inWeight: 0.33333334
      outWeight: 0.33333334
    m_PreInfinity: 2
    m_PostInfinity: 2
    m_RotationOrder: 4
  panLevelCustomCurve:
    serializedVersion: 2
    m_Curve:
    - serializedVersion: 3
      time: 0
      value: 1
      inSlope: 0
      outSlope: 0
      tangentMode: 0
      weightedMode: 0
      inWeight: 0.33333334
      outWeight: 0.33333334
    m_PreInfinity: 2
    m_PostInfinity: 2
    m_RotationOrder: 4
  spreadCustomCurve:
    serializedVersion: 2
    m_Curve:
    - serializedVersion: 3
      time: 0
      value: 0
      inSlope: 0
      outSlope: 0
      tangentMode: 0
      weightedMode: 0
      inWeight: 0.33333334
      outWeight: 0.33333334
    m_PreInfinity: 2
    m_PostInfinity: 2
    m_RotationOrder: 4
  reverbZoneMixCustomCurve:
    serializedVersion: 2
    m_Curve:
    - serializedVersion: 3
      time: 0
      value: 1
      inSlope: 0
      outSlope: 0
      tangentMode: 0
      weightedMode: 0
      inWeight: 0.33333334
      outWeight: 0.33333334
    m_PreInfinity: 2
    m_PostInfinity: 2
    m_RotationOrder: 4
--- !u!1 &4825428864811259949
GameObject:
  m_ObjectHideFlags: 0
  m_CorrespondingSourceObject: {fileID: 0}
  m_PrefabInstance: {fileID: 0}
  m_PrefabAsset: {fileID: 0}
  serializedVersion: 6
  m_Component:
  - component: {fileID: 4825428864811259942}
  - component: {fileID: 4825428864811259937}
  - component: {fileID: 4825428864811259936}
  - component: {fileID: 4825428864811259939}
  - component: {fileID: 367265246541562562}
  - component: {fileID: 4825428864811259938}
  - component: {fileID: 4825428864811259940}
  - component: {fileID: 4825428864811259943}
  - component: {fileID: 4825428864811260122}
  - component: {fileID: 4825428864811260123}
  - component: {fileID: 4825428864811260121}
  - component: {fileID: 4825428864811260126}
  - component: {fileID: 1234595423947750400}
  - component: {fileID: 5431127901107863923}
  - component: {fileID: 4526941922483641029}
  - component: {fileID: 8028782418175902087}
  - component: {fileID: 4814366762785070447}
  - component: {fileID: 6855573581207281041}
  - component: {fileID: 5751148599113877095}
  - component: {fileID: 3922383508314378058}
  - component: {fileID: 7128126740594737556}
  m_Layer: 8
  m_Name: DeadWitch
  m_TagString: EnemyUnit
  m_Icon: {fileID: 0}
  m_NavMeshLayer: 0
  m_StaticEditorFlags: 0
  m_IsActive: 1
--- !u!4 &4825428864811259942
Transform:
  m_ObjectHideFlags: 0
  m_CorrespondingSourceObject: {fileID: 0}
  m_PrefabInstance: {fileID: 0}
  m_PrefabAsset: {fileID: 0}
  m_GameObject: {fileID: 4825428864811259949}
  m_LocalRotation: {x: 0.38268343, y: 0, z: 0, w: 0.92387956}
  m_LocalPosition: {x: 90.03875, y: 1, z: 240.72762}
  m_LocalScale: {x: 1.3, y: 1.5, z: 1.3}
  m_Children:
  - {fileID: 8954556084521521544}
  - {fileID: 7225149906235199771}
  - {fileID: 6854915998618109224}
  - {fileID: 8537398488247519211}
  - {fileID: 350001564351527180}
  - {fileID: 3887137260508508792}
  - {fileID: 2978990044265510141}
  - {fileID: 1833459555761382322}
  - {fileID: 2273056780983833503}
  - {fileID: 2235846836053719510}
  - {fileID: 5194104123713189764}
  m_Father: {fileID: 0}
  m_RootOrder: 0
  m_LocalEulerAnglesHint: {x: 45, y: 0, z: 0}
--- !u!33 &4825428864811259937
MeshFilter:
  m_ObjectHideFlags: 0
  m_CorrespondingSourceObject: {fileID: 0}
  m_PrefabInstance: {fileID: 0}
  m_PrefabAsset: {fileID: 0}
  m_GameObject: {fileID: 4825428864811259949}
  m_Mesh: {fileID: 10208, guid: 0000000000000000e000000000000000, type: 0}
--- !u!23 &4825428864811259936
MeshRenderer:
  m_ObjectHideFlags: 0
  m_CorrespondingSourceObject: {fileID: 0}
  m_PrefabInstance: {fileID: 0}
  m_PrefabAsset: {fileID: 0}
  m_GameObject: {fileID: 4825428864811259949}
  m_Enabled: 0
  m_CastShadows: 1
  m_ReceiveShadows: 1
  m_DynamicOccludee: 1
  m_MotionVectors: 1
  m_LightProbeUsage: 1
  m_ReflectionProbeUsage: 1
  m_RayTracingMode: 2
  m_RenderingLayerMask: 1
  m_RendererPriority: 0
  m_Materials:
  - {fileID: 10303, guid: 0000000000000000f000000000000000, type: 0}
  m_StaticBatchInfo:
    firstSubMesh: 0
    subMeshCount: 0
  m_StaticBatchRoot: {fileID: 0}
  m_ProbeAnchor: {fileID: 0}
  m_LightProbeVolumeOverride: {fileID: 0}
  m_ScaleInLightmap: 1
  m_ReceiveGI: 1
  m_PreserveUVs: 0
  m_IgnoreNormalsForChartDetection: 0
  m_ImportantGI: 0
  m_StitchLightmapSeams: 1
  m_SelectedEditorRenderState: 3
  m_MinimumChartSize: 4
  m_AutoUVMaxDistance: 0.5
  m_AutoUVMaxAngle: 89
  m_LightmapParameters: {fileID: 0}
  m_SortingLayerID: 0
  m_SortingLayer: 0
  m_SortingOrder: 0
--- !u!136 &4825428864811259939
CapsuleCollider:
  m_ObjectHideFlags: 0
  m_CorrespondingSourceObject: {fileID: 0}
  m_PrefabInstance: {fileID: 0}
  m_PrefabAsset: {fileID: 0}
  m_GameObject: {fileID: 4825428864811259949}
  m_Material: {fileID: 0}
  m_IsTrigger: 0
  m_Enabled: 1
  m_Radius: 0.5
  m_Height: 1.8
  m_Direction: 1
  m_Center: {x: 0, y: 0, z: 0}
--- !u!65 &367265246541562562
BoxCollider:
  m_ObjectHideFlags: 0
  m_CorrespondingSourceObject: {fileID: 0}
  m_PrefabInstance: {fileID: 0}
  m_PrefabAsset: {fileID: 0}
  m_GameObject: {fileID: 4825428864811259949}
  m_Material: {fileID: 0}
  m_IsTrigger: 0
  m_Enabled: 1
  serializedVersion: 2
  m_Size: {x: 1.5, y: 0.001, z: 1.5}
  m_Center: {x: 0, y: -0.8, z: 0}
--- !u!54 &4825428864811259938
Rigidbody:
  m_ObjectHideFlags: 0
  m_CorrespondingSourceObject: {fileID: 0}
  m_PrefabInstance: {fileID: 0}
  m_PrefabAsset: {fileID: 0}
  m_GameObject: {fileID: 4825428864811259949}
  serializedVersion: 2
  m_Mass: 70
  m_Drag: 20
  m_AngularDrag: 0.05
  m_UseGravity: 0
  m_IsKinematic: 0
  m_Interpolate: 0
  m_Constraints: 116
  m_CollisionDetection: 3
--- !u!114 &4825428864811259940
MonoBehaviour:
  m_ObjectHideFlags: 0
  m_CorrespondingSourceObject: {fileID: 0}
  m_PrefabInstance: {fileID: 0}
  m_PrefabAsset: {fileID: 0}
  m_GameObject: {fileID: 4825428864811259949}
  m_Enabled: 1
  m_EditorHideFlags: 0
  m_Script: {fileID: 11500000, guid: bdfa19bfaba3ee986a9ecbddb9b36a0d, type: 3}
  m_Name: 
  m_EditorClassIdentifier: 
  maxHealth: 4
  healthRegen: 0
  block: 15
  power: 1
  walkSpeed: 2.5
  runSpeed: 6
  origRunSpeed: 0
  origWalkSpeed: 0
--- !u!114 &4825428864811259943
MonoBehaviour:
  m_ObjectHideFlags: 0
  m_CorrespondingSourceObject: {fileID: 0}
  m_PrefabInstance: {fileID: 0}
  m_PrefabAsset: {fileID: 0}
  m_GameObject: {fileID: 4825428864811259949}
  m_Enabled: 1
  m_EditorHideFlags: 0
  m_Script: {fileID: 11500000, guid: 564bf5016a4e7d6dd95006bc9d587f78, type: 3}
  m_Name: 
  m_EditorClassIdentifier: 
  currHealth: 0
  armor: 0
  spellAnim: {fileID: 7775954896818937352}
  playerMovement: {fileID: 0}
  playerManager: {fileID: 0}
  zombie: {fileID: 0}
  attack: {fileID: 0}
  npc1: {fileID: 0}
  wolf: {fileID: 0}
  archerAttack: {fileID: 0}
  npcSounds: {fileID: 0}
  npcTargets: {fileID: 0}
  wolfTargets: {fileID: 0}
  animators:
  - {fileID: 8954556084885877449}
  - {fileID: 8954556085092761739}
  - {fileID: 8954556083913352426}
  - {fileID: 7395341581858729379}
  pDeathAnim: {fileID: 4361636218201122087}
  artObj: {fileID: 8954556084521521548}
  stats: {fileID: 4825428864811259940}
  painTolerance: 0.5
  permaDeathPoint: -2
  lifeMeter: {fileID: 5916774579282922181}
  zombieLifeMeter: {fileID: 104934664157725709}
  currentLifeMeter: {fileID: 5916774579282922181}
  selectionIcon: {fileID: 8954556083642460425}
  raiseIcon: {fileID: 8954556083567085761}
  selected: 0
  hoverSelect: 0
  hoverRaise: 0
  showLife: 0
  showBanEarthIcon: 0
  navComponent: {fileID: 4825428864811260123}
  audioSource: {fileID: 4825428864811260126}
  blockSound:
  - {fileID: 8300000, guid: f689163806c6683dbba096c00516c763, type: 3}
  - {fileID: 8300000, guid: d81aa86a38da0ae8bb81fda415698a53, type: 3}
  - {fileID: 8300000, guid: 0afddd6cd4eba9d458f603ffc647b5e8, type: 3}
  hitSound:
  - {fileID: 8300000, guid: 40c405e564b49fd15a760f98e6367fc8, type: 3}
  - {fileID: 8300000, guid: 89e2b1056acff6781aa6cad89e4877ab, type: 3}
  - {fileID: 8300000, guid: 1d2119339c253ebc6b4d0f52d6c46a32, type: 3}
  - {fileID: 8300000, guid: 255da189289aeb947a39a4ae72f6e9bf, type: 3}
  alreadyDead: 0
  startDead: 0
  bloodPrefab: {fileID: 8517341680478349249, guid: 8a0ad64e28438fd37a53ddc5d5134f1f,
    type: 3}
  dirtPile: {fileID: 0}
  isArcher: 0
  capCol: {fileID: 4825428864811259939}
  boxCol: {fileID: 367265246541562562}
  sphereCol: {fileID: 3006731076060732433}
  decay: 0
  decayTime: 30
  renderers:
  - {fileID: 8954556084885877446}
  - {fileID: 8954556085092761736}
  - {fileID: 8954556083913352427}
  - {fileID: 5332886537337278408}
  - {fileID: 2557382244110110730}
  invScript: {fileID: 4104173465800536036}
  debugOn: 0
--- !u!114 &4825428864811260122
MonoBehaviour:
  m_ObjectHideFlags: 0
  m_CorrespondingSourceObject: {fileID: 0}
  m_PrefabInstance: {fileID: 0}
  m_PrefabAsset: {fileID: 0}
  m_GameObject: {fileID: 4825428864811259949}
  m_Enabled: 1
  m_EditorHideFlags: 0
  m_Script: {fileID: 11500000, guid: c3c461c747827b66896b08748c31a860, type: 3}
  m_Name: 
  m_EditorClassIdentifier: 
  attackDistance: 3
  damageMax: 2
  damageMin: 1
  animators:
  - {fileID: 8954556084885877449}
  - {fileID: 8954556085092761739}
  - {fileID: 8954556083913352426}
  - {fileID: 7395341581858729379}
  alreadyAttacked: 0
  isThreat: 0
  isRogue: 0
  angry: 0
  rigidbody: {fileID: 4825428864811259938}
  werewolf: 0
  npcSounds: {fileID: 6855573581207281041}
  wolfFighting: {fileID: 0}
  debugOn: 0
  feedBackScript: {fileID: 0}
--- !u!195 &4825428864811260123
NavMeshAgent:
  m_ObjectHideFlags: 0
  m_CorrespondingSourceObject: {fileID: 0}
  m_PrefabInstance: {fileID: 0}
  m_PrefabAsset: {fileID: 0}
  m_GameObject: {fileID: 4825428864811259949}
  m_Enabled: 1
  m_AgentTypeID: 0
  m_Radius: 0.5
  m_Speed: 5
  m_Acceleration: 15
  avoidancePriority: 50
  m_AngularSpeed: 180
  m_StoppingDistance: 2.5
  m_AutoTraverseOffMeshLink: 1
  m_AutoBraking: 0
  m_AutoRepath: 1
  m_Height: 2
  m_BaseOffset: 1
  m_WalkableMask: 4294967295
  m_ObstacleAvoidanceType: 4
--- !u!114 &4825428864811260121
MonoBehaviour:
  m_ObjectHideFlags: 0
  m_CorrespondingSourceObject: {fileID: 0}
  m_PrefabInstance: {fileID: 0}
  m_PrefabAsset: {fileID: 0}
  m_GameObject: {fileID: 4825428864811259949}
  m_Enabled: 0
  m_EditorHideFlags: 0
  m_Script: {fileID: 11500000, guid: 0aa1d1dd0c584fc8090125a45dc7a8fb, type: 3}
  m_Name: 
  m_EditorClassIdentifier: 
  audioSource: {fileID: 4825428864811260126}
  idleSound:
  - {fileID: 8300000, guid: fe78c3a8dc4ab8c3cb10de22d3a73ba1, type: 3}
  - {fileID: 8300000, guid: 0a693bc91297170d9b66e8bef5d862d4, type: 3}
  - {fileID: 8300000, guid: 99f1226756a5d56a79978087fa08b0af, type: 3}
  - {fileID: 8300000, guid: 62694080cd4098895849f22ae470bba5, type: 3}
  - {fileID: 8300000, guid: de80a7e947e2e61e797a6af0563c7764, type: 3}
  - {fileID: 8300000, guid: 060a69be80e1b97adbb5bf43b3521b0c, type: 3}
  - {fileID: 8300000, guid: e18f04958f2265df4a284e7bfde3845b, type: 3}
  - {fileID: 8300000, guid: b67a82e5dab0fecd1bfc78473cc18424, type: 3}
  - {fileID: 8300000, guid: b758ed471eae2151e9feebf56841d5ed, type: 3}
  - {fileID: 8300000, guid: 9766220d6538b1a6aba0f2665013ee94, type: 3}
  dieSound:
  - {fileID: 8300000, guid: 19b9ce7942e047e4895dc18bfe3c3a2d, type: 3}
  - {fileID: 8300000, guid: 93af0612f15db8fc3ab67619b5e771d5, type: 3}
  - {fileID: 8300000, guid: 2f6f08b70b7f23ae6a7a6a04f4ce5a6a, type: 3}
  - {fileID: 8300000, guid: f09aeead59a4c17a78252f2d2cb1cbb5, type: 3}
  hurtSound:
  - {fileID: 8300000, guid: b6765b4fa83d8b1b09fc891fa68b14a4, type: 3}
  - {fileID: 8300000, guid: 67000951dc5a3c26a8200155a6265d21, type: 3}
  - {fileID: 8300000, guid: 6f343d78c037148fc9c369d26fdc9e49, type: 3}
  - {fileID: 8300000, guid: e60e839865b321a749e98f6e08974ac3, type: 3}
  - {fileID: 8300000, guid: ae5d1d27d6892f999bbbedbbb3db9a4a, type: 3}
  - {fileID: 8300000, guid: 1c25b285958971551b2ea5b1404c3f2f, type: 3}
  - {fileID: 8300000, guid: 1cd3c40f1c6a07914b487f5dae9a849b, type: 3}
  - {fileID: 8300000, guid: 7392b782754c1a4b3942a1dd3e1c1e12, type: 3}
  attackSound:
  - {fileID: 8300000, guid: c6ac099604f94b04d8b8bb3b273137f7, type: 3}
  - {fileID: 8300000, guid: a557f509e86b5f47ebcbd7b10e4d27cf, type: 3}
  soundFrequency: 5
  idleTimer: 0
  distance: 0
  distanceDesired: 2.5
  ourHealth: {fileID: 4825428864811259943}
  dead: 0
  selected: 0
  targets: []
  isRogue: 0
  timeToRogue: 10
  timer: 0
  canRogue: 0
  runDist: 15
  archer: 0
  stats: {fileID: 4825428864811259940}
  navComponent: {fileID: 4825428864811260123}
  movePointPrefab: {fileID: 5365271282703503883, guid: 6a8272a778711b8f2b95beff706070c4,
    type: 3}
  willDrain: 2
  attackScript: {fileID: 4825428864811260122}
  archAttackScript: {fileID: 7128126740594737556}
  fightScript: {fileID: 5431127901107863923}
  maxDistance: 0
  meleeDistance: 0
  vision: {fileID: 1205144208069973375}
  debugOn: 0
--- !u!82 &4825428864811260126
AudioSource:
  m_ObjectHideFlags: 0
  m_CorrespondingSourceObject: {fileID: 0}
  m_PrefabInstance: {fileID: 0}
  m_PrefabAsset: {fileID: 0}
  m_GameObject: {fileID: 4825428864811259949}
  m_Enabled: 1
  serializedVersion: 4
  OutputAudioMixerGroup: {fileID: 0}
  m_audioClip: {fileID: 0}
  m_PlayOnAwake: 0
  m_Volume: 0.5
  m_Pitch: 1
  Loop: 0
  Mute: 0
  Spatialize: 0
  SpatializePostEffects: 0
  Priority: 128
  DopplerLevel: 1
  MinDistance: 1
  MaxDistance: 75
  Pan2D: 0
  rolloffMode: 1
  BypassEffects: 0
  BypassListenerEffects: 0
  BypassReverbZones: 0
  rolloffCustomCurve:
    serializedVersion: 2
    m_Curve:
    - serializedVersion: 3
      time: 0
      value: 1
      inSlope: 0
      outSlope: 0
      tangentMode: 0
      weightedMode: 0
      inWeight: 0.33333334
      outWeight: 0.33333334
    - serializedVersion: 3
      time: 1
      value: 0
      inSlope: 0
      outSlope: 0
      tangentMode: 0
      weightedMode: 0
      inWeight: 0.33333334
      outWeight: 0.33333334
    m_PreInfinity: 2
    m_PostInfinity: 2
    m_RotationOrder: 4
  panLevelCustomCurve:
    serializedVersion: 2
    m_Curve:
    - serializedVersion: 3
      time: 0
      value: 1
      inSlope: 0
      outSlope: 0
      tangentMode: 0
      weightedMode: 0
      inWeight: 0.33333334
      outWeight: 0.33333334
    m_PreInfinity: 2
    m_PostInfinity: 2
    m_RotationOrder: 4
  spreadCustomCurve:
    serializedVersion: 2
    m_Curve:
    - serializedVersion: 3
      time: 0
      value: 0
      inSlope: 0
      outSlope: 0
      tangentMode: 0
      weightedMode: 0
      inWeight: 0.33333334
      outWeight: 0.33333334
    m_PreInfinity: 2
    m_PostInfinity: 2
    m_RotationOrder: 4
  reverbZoneMixCustomCurve:
    serializedVersion: 2
    m_Curve:
    - serializedVersion: 3
      time: 0
      value: 1
      inSlope: 0
      outSlope: 0
      tangentMode: 0
      weightedMode: 0
      inWeight: 0.33333334
      outWeight: 0.33333334
    m_PreInfinity: 2
    m_PostInfinity: 2
    m_RotationOrder: 4
--- !u!114 &1234595423947750400
MonoBehaviour:
  m_ObjectHideFlags: 0
  m_CorrespondingSourceObject: {fileID: 0}
  m_PrefabInstance: {fileID: 0}
  m_PrefabAsset: {fileID: 0}
  m_GameObject: {fileID: 4825428864811259949}
  m_Enabled: 1
  m_EditorHideFlags: 0
  m_Script: {fileID: 11500000, guid: cf61a43b64ff01edbabb505435016cd1, type: 3}
  m_Name: 
  m_EditorClassIdentifier: 
  ourHealth: {fileID: 4825428864811259943}
  targets: {fileID: 471814619031920924}
  fight: {fileID: 5431127901107863923}
  search: {fileID: 4814366762785070447}
  patrol: {fileID: 4526941922483641029}
  retreat: {fileID: 8028782418175902087}
  avoidFire: {fileID: 5751148599113877095}
  charFire: {fileID: 5447144000964635660}
  stats: {fileID: 4825428864811259940}
  navComponent: {fileID: 4825428864811260123}
  playerStat: {fileID: 0}
  dontSearch: 0
  debugOn: 0
--- !u!114 &5431127901107863923
MonoBehaviour:
  m_ObjectHideFlags: 0
  m_CorrespondingSourceObject: {fileID: 0}
  m_PrefabInstance: {fileID: 0}
  m_PrefabAsset: {fileID: 0}
  m_GameObject: {fileID: 4825428864811259949}
  m_Enabled: 1
  m_EditorHideFlags: 0
  m_Script: {fileID: 11500000, guid: 820e3659d0f6b6c0b8198764abc0a880, type: 3}
  m_Name: 
  m_EditorClassIdentifier: 
  targets: {fileID: 471814619031920924}
  navComponent: {fileID: 4825428864811260123}
  attackScript: {fileID: 4825428864811260122}
  npcSound: {fileID: 6855573581207281041}
  stats: {fileID: 4825428864811259940}
  npcSearch: {fileID: 4814366762785070447}
  minDistance: 2
  maxDistance: 3
  meleeDistance: 3
  holdGround: 0
  debugOn: 0
  runDist: 0
--- !u!114 &4526941922483641029
MonoBehaviour:
  m_ObjectHideFlags: 0
  m_CorrespondingSourceObject: {fileID: 0}
  m_PrefabInstance: {fileID: 0}
  m_PrefabAsset: {fileID: 0}
  m_GameObject: {fileID: 4825428864811259949}
  m_Enabled: 1
  m_EditorHideFlags: 0
  m_Script: {fileID: 11500000, guid: 40ed4596833470126a7c92d1568e11cb, type: 3}
  m_Name: 
  m_EditorClassIdentifier: 
  standStill: 0
  oneTimePatrol: 0
  randomPatrol: 0
  distDesired: 3
  followOther: {fileID: 0}
  followDist: 1
  runDist: 5
  currentDist: 0
  followLeft: 0
  otherHealth: {fileID: 0}
  otherPatrol: {fileID: 0}
  patrolPoints: []
  pauseAtPoints: []
  pauseHowLong: []
  maxWait: 1
  minWait: 0
  wanderDist: 5
  navComponent: {fileID: 4825428864811260123}
  patrol: 0
--- !u!114 &8028782418175902087
MonoBehaviour:
  m_ObjectHideFlags: 0
  m_CorrespondingSourceObject: {fileID: 0}
  m_PrefabInstance: {fileID: 0}
  m_PrefabAsset: {fileID: 0}
  m_GameObject: {fileID: 4825428864811259949}
  m_Enabled: 1
  m_EditorHideFlags: 0
  m_Script: {fileID: 11500000, guid: 628d42317b076d370b5ccf75abb55dca, type: 3}
  m_Name: 
  m_EditorClassIdentifier: 
  ourHealth: {fileID: 4825428864811259943}
  patrol: {fileID: 4526941922483641029}
  targets: {fileID: 471814619031920924}
  stats: {fileID: 4825428864811259940}
  navComponent: {fileID: 4825428864811260123}
  homeBases: []
  running: 0
  runDist: 8
  powerNeeded: 0
  debugOn: 0
  distDesired: 3
--- !u!114 &4814366762785070447
MonoBehaviour:
  m_ObjectHideFlags: 0
  m_CorrespondingSourceObject: {fileID: 0}
  m_PrefabInstance: {fileID: 0}
  m_PrefabAsset: {fileID: 0}
  m_GameObject: {fileID: 4825428864811259949}
  m_Enabled: 1
  m_EditorHideFlags: 0
  m_Script: {fileID: 11500000, guid: b87d2fc5e032e8d849c3bc157819538f, type: 3}
  m_Name: 
  m_EditorClassIdentifier: 
  targets: {fileID: 471814619031920924}
  navComponent: {fileID: 4825428864811260123}
  npcSound: {fileID: 6855573581207281041}
  timer: 0
  maxSearchTime: 5
  searchTime: 0
  distDesired: 4
  maxSearchRadius: 10
  searchRadius: 0
  debugOn: 0
--- !u!114 &6855573581207281041
MonoBehaviour:
  m_ObjectHideFlags: 0
  m_CorrespondingSourceObject: {fileID: 0}
  m_PrefabInstance: {fileID: 0}
  m_PrefabAsset: {fileID: 0}
  m_GameObject: {fileID: 4825428864811259949}
  m_Enabled: 1
  m_EditorHideFlags: 0
  m_Script: {fileID: 11500000, guid: 09e47ba7474d4a17f81d0c5296e39c11, type: 3}
  m_Name: 
  m_EditorClassIdentifier: 
  audioSource: {fileID: 4825428864811260126}
  zombieSpotted:
  - {fileID: 8300000, guid: 7ec2c3167bbf2a33aaa35baa66c0d55d, type: 3}
  - {fileID: 8300000, guid: 66d5f410583e12c6688a2b5253f9b051, type: 3}
  - {fileID: 8300000, guid: 22bf809df9b954d659bee6ea95d96ca5, type: 3}
  necroSpotted:
  - {fileID: 8300000, guid: bbf98db845e49692385eb6870dc505e8, type: 3}
  - {fileID: 8300000, guid: f2d5dc99775082d2b944efbbf324892f, type: 3}
  - {fileID: 8300000, guid: f9454de6b0faa8d04a4c8cdbf961374f, type: 3}
  - {fileID: 8300000, guid: 90954f1be12796ff7bd238ade7fc72ac, type: 3}
  - {fileID: 8300000, guid: e3956855a7f6dd1718d68b27c416bbf4, type: 3}
  - {fileID: 8300000, guid: c2e83982bf29fa2ba833cc30eb389e79, type: 3}
  - {fileID: 8300000, guid: 18d9fb3274be94de785cb7f852354545, type: 3}
  runAndYell:
  - {fileID: 8300000, guid: 6ef2a31cb72c242ad8c622585e618998, type: 3}
  - {fileID: 8300000, guid: 224dfc837c6d5606b87d77b941decd7f, type: 3}
  hurtSound:
  - {fileID: 8300000, guid: cd30a08c067177ae0a941c39ee4c0b9f, type: 3}
  attackSound:
  - {fileID: 8300000, guid: 4d48a233c6c803330ab988d3c32dd259, type: 3}
  - {fileID: 8300000, guid: 968e642f1a942a54eab8a8c31320dc7c, type: 3}
  - {fileID: 8300000, guid: 10fbd0200a115b553873a0d395669729, type: 3}
  - {fileID: 8300000, guid: 0a633edfda00620058f9afc6da778e53, type: 3}
  - {fileID: 8300000, guid: 6811a51d8604941e3bfe5f95fbea6df2, type: 3}
  - {fileID: 8300000, guid: 2ec510e2a4310e582b8fa93782303a9e, type: 3}
  - {fileID: 8300000, guid: 2b4b16dc7149e984e9aa56ce93e4e2d1, type: 3}
  - {fileID: 8300000, guid: a0daa2dd494a8a165a1ca50a19c0a6fc, type: 3}
  - {fileID: 8300000, guid: b8aa0a74fea2803628c9d2512f41cba8, type: 3}
  burningSound:
  - {fileID: 8300000, guid: 29dddce7cca3a586d833a294a7158f95, type: 3}
  - {fileID: 8300000, guid: d1d9de8691d899af2aa8831644e666a7, type: 3}
  - {fileID: 8300000, guid: 061176e70faa0a84c905c6debf71134a, type: 3}
  - {fileID: 8300000, guid: c0efb92e58f312fad84704021b132ec0, type: 3}
  - {fileID: 8300000, guid: fb5c4b13b190fc793b3e804baf32a79a, type: 3}
  dyingSound: []
  soundFrequency: 0
  burningPlaying: 0
--- !u!114 &5751148599113877095
MonoBehaviour:
  m_ObjectHideFlags: 0
  m_CorrespondingSourceObject: {fileID: 0}
  m_PrefabInstance: {fileID: 0}
  m_PrefabAsset: {fileID: 0}
  m_GameObject: {fileID: 4825428864811259949}
  m_Enabled: 1
  m_EditorHideFlags: 0
  m_Script: {fileID: 11500000, guid: db184ec120b9277a5b0cc613edf6d478, type: 3}
  m_Name: 
  m_EditorClassIdentifier: 
  navComponent: {fileID: 4825428864811260123}
  debugOn: 0
--- !u!114 &3922383508314378058
MonoBehaviour:
  m_ObjectHideFlags: 0
  m_CorrespondingSourceObject: {fileID: 0}
  m_PrefabInstance: {fileID: 0}
  m_PrefabAsset: {fileID: 0}
  m_GameObject: {fileID: 4825428864811259949}
  m_Enabled: 1
  m_EditorHideFlags: 0
  m_Script: {fileID: 11500000, guid: 89d6e8ae90e4d835dafa5c3ef2e7fba7, type: 3}
  m_Name: 
  m_EditorClassIdentifier: 
  windScript: {fileID: 0}
  rb: {fileID: 4825428864811259938}
  ourHealth: {fileID: 4825428864811259943}
  amount: 0.05
--- !u!114 &7128126740594737556
MonoBehaviour:
  m_ObjectHideFlags: 0
  m_CorrespondingSourceObject: {fileID: 0}
  m_PrefabInstance: {fileID: 0}
  m_PrefabAsset: {fileID: 0}
  m_GameObject: {fileID: 4825428864811259949}
  m_Enabled: 0
  m_EditorHideFlags: 0
  m_Script: {fileID: 11500000, guid: b52045a539dbb65b487487de03ae7825, type: 3}
  m_Name: 
  m_EditorClassIdentifier: 
  shootDistance: 50
  animators:
  - {fileID: 8954556084885877449}
  - {fileID: 8954556085092761739}
  - {fileID: 8954556083913352426}
  - {fileID: 7395341581858729379}
  zombScript: {fileID: 4825428864811260121}
  arrowPrefab: {fileID: 8517341680478349249, guid: 53b68eca2801102d59ad72d9f05b9cd6,
    type: 3}
  arrowSpeed: 60
  pitchAdjustment: 0.0015
  accuracy: 0.04
  isThreat: 1
  targets: {fileID: 471814619031920924}
  audioSource: {fileID: 4825428864811260126}
  drawSound: {fileID: 8300000, guid: df678b02be8257ab599a8a05e2e9a3d7, type: 3}
  fireSound: {fileID: 8300000, guid: 159683ad651a92497b2e98e64a77e11a, type: 3}
  fireRoot: {fileID: 0}
  debugOn: 0
  windScript: {fileID: 0}
--- !u!114 &6243172779892713227
MonoBehaviour:
  m_ObjectHideFlags: 0
  m_CorrespondingSourceObject: {fileID: 0}
  m_PrefabInstance: {fileID: 0}
  m_PrefabAsset: {fileID: 0}
  m_GameObject: {fileID: 5116476837559361602}
  m_Enabled: 1
  m_EditorHideFlags: 0
  m_Script: {fileID: 11500000, guid: 28f930b2658de38fc8b9e0190e0c8a82, type: 3}
  m_Name: 
  m_EditorClassIdentifier: 
  anim: {fileID: 7395341581858729379}
  minMove: 0.1
  other: {fileID: 4825428864811259942}
  maxSpeed: 20
--- !u!210 &199700971928483852
SortingGroup:
  m_ObjectHideFlags: 0
  m_CorrespondingSourceObject: {fileID: 0}
  m_PrefabInstance: {fileID: 0}
  m_PrefabAsset: {fileID: 0}
  m_GameObject: {fileID: 8954556084521521548}
  m_Enabled: 1
  m_SortingLayerID: 0
  m_SortingLayer: 0
  m_SortingOrder: 2
--- !u!114 &1554355163234459711
MonoBehaviour:
  m_ObjectHideFlags: 0
  m_CorrespondingSourceObject: {fileID: 0}
  m_PrefabInstance: {fileID: 0}
  m_PrefabAsset: {fileID: 0}
  m_GameObject: {fileID: 8954556084521521548}
  m_Enabled: 1
  m_EditorHideFlags: 0
  m_Script: {fileID: 11500000, guid: d2cb2ca13d11cbfe88c36019ab8c1c68, type: 3}
  m_Name: 
  m_EditorClassIdentifier: 
  canRoll: 0
--- !u!1001 &727327565018240553
PrefabInstance:
  m_ObjectHideFlags: 0
  serializedVersion: 2
  m_Modification:
    m_TransformParent: {fileID: 4825428864811259942}
    m_Modifications:
    - target: {fileID: 4756600273493025185, guid: 8911dbc118b53c827ba764cc7f613fb1,
        type: 3}
      propertyPath: m_Name
      value: Sacrificial Dagger
      objectReference: {fileID: 0}
    - target: {fileID: 4756600273493025197, guid: 8911dbc118b53c827ba764cc7f613fb1,
        type: 3}
      propertyPath: m_RootOrder
      value: 10
      objectReference: {fileID: 0}
    - target: {fileID: 4756600273493025197, guid: 8911dbc118b53c827ba764cc7f613fb1,
        type: 3}
      propertyPath: m_LocalPosition.x
      value: 1.5384616
      objectReference: {fileID: 0}
    - target: {fileID: 4756600273493025197, guid: 8911dbc118b53c827ba764cc7f613fb1,
        type: 3}
      propertyPath: m_LocalPosition.y
      value: 0.33333334
      objectReference: {fileID: 0}
    - target: {fileID: 4756600273493025197, guid: 8911dbc118b53c827ba764cc7f613fb1,
        type: 3}
      propertyPath: m_LocalPosition.z
      value: -2.5710092
      objectReference: {fileID: 0}
    - target: {fileID: 4756600273493025197, guid: 8911dbc118b53c827ba764cc7f613fb1,
        type: 3}
      propertyPath: m_LocalRotation.w
      value: 1
      objectReference: {fileID: 0}
    - target: {fileID: 4756600273493025197, guid: 8911dbc118b53c827ba764cc7f613fb1,
        type: 3}
      propertyPath: m_LocalRotation.x
      value: -0
      objectReference: {fileID: 0}
    - target: {fileID: 4756600273493025197, guid: 8911dbc118b53c827ba764cc7f613fb1,
        type: 3}
      propertyPath: m_LocalRotation.y
      value: -0
      objectReference: {fileID: 0}
    - target: {fileID: 4756600273493025197, guid: 8911dbc118b53c827ba764cc7f613fb1,
        type: 3}
      propertyPath: m_LocalRotation.z
      value: -0
      objectReference: {fileID: 0}
    - target: {fileID: 4756600273493025197, guid: 8911dbc118b53c827ba764cc7f613fb1,
        type: 3}
      propertyPath: m_LocalEulerAnglesHint.x
      value: 0
      objectReference: {fileID: 0}
    - target: {fileID: 4756600273493025197, guid: 8911dbc118b53c827ba764cc7f613fb1,
        type: 3}
      propertyPath: m_LocalEulerAnglesHint.y
      value: 0
      objectReference: {fileID: 0}
    - target: {fileID: 4756600273493025197, guid: 8911dbc118b53c827ba764cc7f613fb1,
        type: 3}
      propertyPath: m_LocalEulerAnglesHint.z
      value: 0
      objectReference: {fileID: 0}
    m_RemovedComponents: []
  m_SourcePrefab: {fileID: 100100000, guid: 8911dbc118b53c827ba764cc7f613fb1, type: 3}
--- !u!4 &5194104123713189764 stripped
Transform:
  m_CorrespondingSourceObject: {fileID: 4756600273493025197, guid: 8911dbc118b53c827ba764cc7f613fb1,
    type: 3}
  m_PrefabInstance: {fileID: 727327565018240553}
  m_PrefabAsset: {fileID: 0}
--- !u!1001 &1554355164399053900
PrefabInstance:
  m_ObjectHideFlags: 0
  serializedVersion: 2
  m_Modification:
    m_TransformParent: {fileID: 4825428864811259942}
    m_Modifications:
    - target: {fileID: 361118778314023911, guid: d9e6a2b754f5d361f8bec5e75fcd9dd7,
        type: 3}
      propertyPath: m_LocalScale.y
      value: 1
      objectReference: {fileID: 0}
    - target: {fileID: 361118778314023911, guid: d9e6a2b754f5d361f8bec5e75fcd9dd7,
        type: 3}
      propertyPath: m_LocalScale.z
      value: 1
      objectReference: {fileID: 0}
    - target: {fileID: 361118778314023911, guid: d9e6a2b754f5d361f8bec5e75fcd9dd7,
        type: 3}
      propertyPath: m_LocalPosition.x
      value: 0
      objectReference: {fileID: 0}
    - target: {fileID: 361118778314023911, guid: d9e6a2b754f5d361f8bec5e75fcd9dd7,
        type: 3}
      propertyPath: m_LocalPosition.y
      value: 0
      objectReference: {fileID: 0}
    - target: {fileID: 361118778314023911, guid: d9e6a2b754f5d361f8bec5e75fcd9dd7,
        type: 3}
      propertyPath: m_LocalPosition.z
      value: 0
      objectReference: {fileID: 0}
    - target: {fileID: 361118778314023911, guid: d9e6a2b754f5d361f8bec5e75fcd9dd7,
        type: 3}
      propertyPath: m_LocalRotation.w
      value: 1
      objectReference: {fileID: 0}
    - target: {fileID: 361118778314023911, guid: d9e6a2b754f5d361f8bec5e75fcd9dd7,
        type: 3}
      propertyPath: m_LocalRotation.x
      value: 0
      objectReference: {fileID: 0}
    - target: {fileID: 361118778314023911, guid: d9e6a2b754f5d361f8bec5e75fcd9dd7,
        type: 3}
      propertyPath: m_LocalRotation.y
      value: 0
      objectReference: {fileID: 0}
    - target: {fileID: 361118778314023911, guid: d9e6a2b754f5d361f8bec5e75fcd9dd7,
        type: 3}
      propertyPath: m_LocalRotation.z
      value: 0
      objectReference: {fileID: 0}
    - target: {fileID: 656180902755843745, guid: d9e6a2b754f5d361f8bec5e75fcd9dd7,
        type: 3}
      propertyPath: m_Layer
      value: 8
      objectReference: {fileID: 0}
    - target: {fileID: 872642894408723727, guid: d9e6a2b754f5d361f8bec5e75fcd9dd7,
        type: 3}
      propertyPath: m_Layer
      value: 8
      objectReference: {fileID: 0}
    - target: {fileID: 1800735853484290432, guid: d9e6a2b754f5d361f8bec5e75fcd9dd7,
        type: 3}
      propertyPath: m_Layer
      value: 8
      objectReference: {fileID: 0}
    - target: {fileID: 3526555917527769461, guid: d9e6a2b754f5d361f8bec5e75fcd9dd7,
        type: 3}
      propertyPath: spriteSheetName
      value: none
      objectReference: {fileID: 0}
    - target: {fileID: 5357109262993508204, guid: d9e6a2b754f5d361f8bec5e75fcd9dd7,
        type: 3}
      propertyPath: m_Layer
      value: 8
      objectReference: {fileID: 0}
    - target: {fileID: 6177212335973208841, guid: d9e6a2b754f5d361f8bec5e75fcd9dd7,
        type: 3}
      propertyPath: m_Layer
      value: 8
      objectReference: {fileID: 0}
    - target: {fileID: 6886027763447178116, guid: d9e6a2b754f5d361f8bec5e75fcd9dd7,
        type: 3}
      propertyPath: m_Sprite
      value: 
      objectReference: {fileID: 0}
    - target: {fileID: 6886027763447178116, guid: d9e6a2b754f5d361f8bec5e75fcd9dd7,
        type: 3}
      propertyPath: m_WasSpriteAssigned
      value: 0
      objectReference: {fileID: 0}
    - target: {fileID: 6993254708841030828, guid: d9e6a2b754f5d361f8bec5e75fcd9dd7,
        type: 3}
      propertyPath: m_RootOrder
      value: 12
      objectReference: {fileID: 0}
    - target: {fileID: 7626516774810541700, guid: d9e6a2b754f5d361f8bec5e75fcd9dd7,
        type: 3}
      propertyPath: spriteSheetName
      value: head
      objectReference: {fileID: 0}
    - target: {fileID: 7626516774810541702, guid: d9e6a2b754f5d361f8bec5e75fcd9dd7,
        type: 3}
      propertyPath: m_Layer
      value: 8
      objectReference: {fileID: 0}
    - target: {fileID: 7626516774810541703, guid: d9e6a2b754f5d361f8bec5e75fcd9dd7,
        type: 3}
      propertyPath: m_LocalRotation.w
      value: 1
      objectReference: {fileID: 0}
    - target: {fileID: 7626516774810541703, guid: d9e6a2b754f5d361f8bec5e75fcd9dd7,
        type: 3}
      propertyPath: m_LocalRotation.x
      value: 0
      objectReference: {fileID: 0}
    - target: {fileID: 7626516774810541703, guid: d9e6a2b754f5d361f8bec5e75fcd9dd7,
        type: 3}
      propertyPath: m_LocalRotation.y
      value: 0
      objectReference: {fileID: 0}
    - target: {fileID: 7626516774810541703, guid: d9e6a2b754f5d361f8bec5e75fcd9dd7,
        type: 3}
      propertyPath: m_LocalRotation.z
      value: 0
      objectReference: {fileID: 0}
    - target: {fileID: 7626516774810541703, guid: d9e6a2b754f5d361f8bec5e75fcd9dd7,
        type: 3}
      propertyPath: m_LocalEulerAnglesHint.x
      value: 0
      objectReference: {fileID: 0}
    - target: {fileID: 7626516774810541706, guid: d9e6a2b754f5d361f8bec5e75fcd9dd7,
        type: 3}
      propertyPath: m_MaskInteraction
      value: 1
      objectReference: {fileID: 0}
    - target: {fileID: 7626516774810541706, guid: d9e6a2b754f5d361f8bec5e75fcd9dd7,
        type: 3}
      propertyPath: m_SpriteSortPoint
      value: 1
      objectReference: {fileID: 0}
    - target: {fileID: 7626516774810541707, guid: d9e6a2b754f5d361f8bec5e75fcd9dd7,
        type: 3}
      propertyPath: other
      value: 
      objectReference: {fileID: 4825428864811259942}
    - target: {fileID: 7626516774901050560, guid: d9e6a2b754f5d361f8bec5e75fcd9dd7,
        type: 3}
      propertyPath: m_Layer
      value: 8
      objectReference: {fileID: 0}
    - target: {fileID: 7626516774901050561, guid: d9e6a2b754f5d361f8bec5e75fcd9dd7,
        type: 3}
      propertyPath: m_LocalRotation.w
      value: 1
      objectReference: {fileID: 0}
    - target: {fileID: 7626516774901050561, guid: d9e6a2b754f5d361f8bec5e75fcd9dd7,
        type: 3}
      propertyPath: m_LocalRotation.x
      value: 0
      objectReference: {fileID: 0}
    - target: {fileID: 7626516774901050561, guid: d9e6a2b754f5d361f8bec5e75fcd9dd7,
        type: 3}
      propertyPath: m_LocalRotation.y
      value: 0
      objectReference: {fileID: 0}
    - target: {fileID: 7626516774901050561, guid: d9e6a2b754f5d361f8bec5e75fcd9dd7,
        type: 3}
      propertyPath: m_LocalRotation.z
      value: 0
      objectReference: {fileID: 0}
    - target: {fileID: 7626516774901050561, guid: d9e6a2b754f5d361f8bec5e75fcd9dd7,
        type: 3}
      propertyPath: m_LocalEulerAnglesHint.x
      value: 0
      objectReference: {fileID: 0}
    - target: {fileID: 7626516774901050564, guid: d9e6a2b754f5d361f8bec5e75fcd9dd7,
        type: 3}
      propertyPath: m_MaskInteraction
      value: 1
      objectReference: {fileID: 0}
    - target: {fileID: 7626516774901050564, guid: d9e6a2b754f5d361f8bec5e75fcd9dd7,
        type: 3}
      propertyPath: m_SpriteSortPoint
      value: 1
      objectReference: {fileID: 0}
    - target: {fileID: 7626516774901050565, guid: d9e6a2b754f5d361f8bec5e75fcd9dd7,
        type: 3}
      propertyPath: other
      value: 
      objectReference: {fileID: 4825428864811259942}
    - target: {fileID: 7626516774901050566, guid: d9e6a2b754f5d361f8bec5e75fcd9dd7,
        type: 3}
      propertyPath: spriteSheetName
      value: clothes
      objectReference: {fileID: 0}
    - target: {fileID: 7626516775546092992, guid: d9e6a2b754f5d361f8bec5e75fcd9dd7,
        type: 3}
      propertyPath: m_Name
      value: NPCwDagger Art
      objectReference: {fileID: 0}
    - target: {fileID: 7626516775546092992, guid: d9e6a2b754f5d361f8bec5e75fcd9dd7,
        type: 3}
      propertyPath: m_Layer
      value: 8
      objectReference: {fileID: 0}
    - target: {fileID: 7626516775546092996, guid: d9e6a2b754f5d361f8bec5e75fcd9dd7,
        type: 3}
      propertyPath: m_RootOrder
      value: 0
      objectReference: {fileID: 0}
    - target: {fileID: 7626516775546092996, guid: d9e6a2b754f5d361f8bec5e75fcd9dd7,
        type: 3}
      propertyPath: m_LocalScale.x
      value: 3.8461537
      objectReference: {fileID: 0}
    - target: {fileID: 7626516775546092996, guid: d9e6a2b754f5d361f8bec5e75fcd9dd7,
        type: 3}
      propertyPath: m_LocalScale.y
      value: 3.8461537
      objectReference: {fileID: 0}
    - target: {fileID: 7626516775546092996, guid: d9e6a2b754f5d361f8bec5e75fcd9dd7,
        type: 3}
      propertyPath: m_LocalScale.z
      value: 0.66666675
      objectReference: {fileID: 0}
    - target: {fileID: 7626516775546092996, guid: d9e6a2b754f5d361f8bec5e75fcd9dd7,
        type: 3}
      propertyPath: m_LocalPosition.x
      value: 0
      objectReference: {fileID: 0}
    - target: {fileID: 7626516775546092996, guid: d9e6a2b754f5d361f8bec5e75fcd9dd7,
        type: 3}
      propertyPath: m_LocalPosition.y
      value: -0.4
      objectReference: {fileID: 0}
    - target: {fileID: 7626516775546092996, guid: d9e6a2b754f5d361f8bec5e75fcd9dd7,
        type: 3}
      propertyPath: m_LocalPosition.z
      value: 0
      objectReference: {fileID: 0}
    - target: {fileID: 7626516775546092996, guid: d9e6a2b754f5d361f8bec5e75fcd9dd7,
        type: 3}
      propertyPath: m_LocalRotation.w
      value: 1
      objectReference: {fileID: 0}
    - target: {fileID: 7626516775546092996, guid: d9e6a2b754f5d361f8bec5e75fcd9dd7,
        type: 3}
      propertyPath: m_LocalRotation.x
      value: 0
      objectReference: {fileID: 0}
    - target: {fileID: 7626516775546092996, guid: d9e6a2b754f5d361f8bec5e75fcd9dd7,
        type: 3}
      propertyPath: m_LocalRotation.y
      value: 0
      objectReference: {fileID: 0}
    - target: {fileID: 7626516775546092996, guid: d9e6a2b754f5d361f8bec5e75fcd9dd7,
        type: 3}
      propertyPath: m_LocalRotation.z
      value: 0
      objectReference: {fileID: 0}
    - target: {fileID: 7626516775546092996, guid: d9e6a2b754f5d361f8bec5e75fcd9dd7,
        type: 3}
      propertyPath: m_LocalEulerAnglesHint.x
      value: 0
      objectReference: {fileID: 0}
    - target: {fileID: 7626516775546092996, guid: d9e6a2b754f5d361f8bec5e75fcd9dd7,
        type: 3}
      propertyPath: m_LocalEulerAnglesHint.y
      value: 0
      objectReference: {fileID: 0}
    - target: {fileID: 7626516775546092996, guid: d9e6a2b754f5d361f8bec5e75fcd9dd7,
        type: 3}
      propertyPath: m_LocalEulerAnglesHint.z
      value: 0
      objectReference: {fileID: 0}
    - target: {fileID: 7626516775546092998, guid: d9e6a2b754f5d361f8bec5e75fcd9dd7,
        type: 3}
      propertyPath: other
      value: 
      objectReference: {fileID: 6548699079024594366, guid: 983aca1594dc1dd0b96a558c6b776d2d,
        type: 3}
    - target: {fileID: 7626516775852263584, guid: d9e6a2b754f5d361f8bec5e75fcd9dd7,
        type: 3}
      propertyPath: m_LocalRotation.w
      value: 1
      objectReference: {fileID: 0}
    - target: {fileID: 7626516775852263584, guid: d9e6a2b754f5d361f8bec5e75fcd9dd7,
        type: 3}
      propertyPath: m_LocalRotation.x
      value: 0
      objectReference: {fileID: 0}
    - target: {fileID: 7626516775852263584, guid: d9e6a2b754f5d361f8bec5e75fcd9dd7,
        type: 3}
      propertyPath: m_LocalRotation.y
      value: 0
      objectReference: {fileID: 0}
    - target: {fileID: 7626516775852263584, guid: d9e6a2b754f5d361f8bec5e75fcd9dd7,
        type: 3}
      propertyPath: m_LocalRotation.z
      value: 0
      objectReference: {fileID: 0}
    - target: {fileID: 7626516775852263584, guid: d9e6a2b754f5d361f8bec5e75fcd9dd7,
        type: 3}
      propertyPath: m_LocalEulerAnglesHint.x
      value: 0
      objectReference: {fileID: 0}
    - target: {fileID: 7626516775852263585, guid: d9e6a2b754f5d361f8bec5e75fcd9dd7,
        type: 3}
      propertyPath: spriteSheetName
      value: dagger
      objectReference: {fileID: 0}
    - target: {fileID: 7626516775852263587, guid: d9e6a2b754f5d361f8bec5e75fcd9dd7,
        type: 3}
      propertyPath: m_Layer
      value: 8
      objectReference: {fileID: 0}
    - target: {fileID: 7626516775852263588, guid: d9e6a2b754f5d361f8bec5e75fcd9dd7,
        type: 3}
      propertyPath: other
      value: 
      objectReference: {fileID: 4825428864811259942}
    - target: {fileID: 7626516775852263591, guid: d9e6a2b754f5d361f8bec5e75fcd9dd7,
        type: 3}
      propertyPath: m_MaskInteraction
      value: 1
      objectReference: {fileID: 0}
    - target: {fileID: 7626516775852263591, guid: d9e6a2b754f5d361f8bec5e75fcd9dd7,
        type: 3}
      propertyPath: m_SpriteSortPoint
      value: 1
      objectReference: {fileID: 0}
    - target: {fileID: 7626516776655701316, guid: d9e6a2b754f5d361f8bec5e75fcd9dd7,
        type: 3}
      propertyPath: m_Layer
      value: 8
      objectReference: {fileID: 0}
    - target: {fileID: 7626516776655701316, guid: d9e6a2b754f5d361f8bec5e75fcd9dd7,
        type: 3}
      propertyPath: m_IsActive
      value: 0
      objectReference: {fileID: 0}
    - target: {fileID: 7626516776655701317, guid: d9e6a2b754f5d361f8bec5e75fcd9dd7,
        type: 3}
      propertyPath: m_LocalPosition.y
      value: 0.2
      objectReference: {fileID: 0}
    - target: {fileID: 7626516776730813580, guid: d9e6a2b754f5d361f8bec5e75fcd9dd7,
        type: 3}
      propertyPath: m_Layer
      value: 8
      objectReference: {fileID: 0}
    - target: {fileID: 7828236897469231563, guid: d9e6a2b754f5d361f8bec5e75fcd9dd7,
        type: 3}
      propertyPath: m_Layer
      value: 8
      objectReference: {fileID: 0}
    - target: {fileID: 7828236897469231563, guid: d9e6a2b754f5d361f8bec5e75fcd9dd7,
        type: 3}
      propertyPath: m_IsActive
      value: 0
      objectReference: {fileID: 0}
    - target: {fileID: 8023577598066314577, guid: d9e6a2b754f5d361f8bec5e75fcd9dd7,
        type: 3}
      propertyPath: m_LocalPosition.y
      value: -0.15
      objectReference: {fileID: 0}
    - target: {fileID: 8729670478686218638, guid: d9e6a2b754f5d361f8bec5e75fcd9dd7,
        type: 3}
      propertyPath: m_Layer
      value: 8
      objectReference: {fileID: 0}
    m_RemovedComponents:
    - {fileID: 7626516775546092998, guid: d9e6a2b754f5d361f8bec5e75fcd9dd7, type: 3}
    - {fileID: 7626516775546092999, guid: d9e6a2b754f5d361f8bec5e75fcd9dd7, type: 3}
  m_SourcePrefab: {fileID: 100100000, guid: d9e6a2b754f5d361f8bec5e75fcd9dd7, type: 3}
--- !u!95 &4361636218201122087 stripped
Animator:
  m_CorrespondingSourceObject: {fileID: 2960422694548900203, guid: d9e6a2b754f5d361f8bec5e75fcd9dd7,
    type: 3}
  m_PrefabInstance: {fileID: 1554355164399053900}
  m_PrefabAsset: {fileID: 0}
--- !u!1 &8954556084521521548 stripped
GameObject:
  m_CorrespondingSourceObject: {fileID: 7626516775546092992, guid: d9e6a2b754f5d361f8bec5e75fcd9dd7,
    type: 3}
  m_PrefabInstance: {fileID: 1554355164399053900}
  m_PrefabAsset: {fileID: 0}
--- !u!4 &8954556084521521544 stripped
Transform:
  m_CorrespondingSourceObject: {fileID: 7626516775546092996, guid: d9e6a2b754f5d361f8bec5e75fcd9dd7,
    type: 3}
  m_PrefabInstance: {fileID: 1554355164399053900}
  m_PrefabAsset: {fileID: 0}
--- !u!4 &8954556083642460425 stripped
Transform:
  m_CorrespondingSourceObject: {fileID: 7626516776655701317, guid: d9e6a2b754f5d361f8bec5e75fcd9dd7,
    type: 3}
  m_PrefabInstance: {fileID: 1554355164399053900}
  m_PrefabAsset: {fileID: 0}
--- !u!4 &8954556083567085761 stripped
Transform:
  m_CorrespondingSourceObject: {fileID: 7626516776730813581, guid: d9e6a2b754f5d361f8bec5e75fcd9dd7,
    type: 3}
  m_PrefabInstance: {fileID: 1554355164399053900}
  m_PrefabAsset: {fileID: 0}
--- !u!4 &104934664157725709 stripped
Transform:
  m_CorrespondingSourceObject: {fileID: 1506137742448502849, guid: d9e6a2b754f5d361f8bec5e75fcd9dd7,
    type: 3}
  m_PrefabInstance: {fileID: 1554355164399053900}
  m_PrefabAsset: {fileID: 0}
--- !u!4 &5916774579282922181 stripped
Transform:
  m_CorrespondingSourceObject: {fileID: 5156259734205294217, guid: d9e6a2b754f5d361f8bec5e75fcd9dd7,
    type: 3}
  m_PrefabInstance: {fileID: 1554355164399053900}
  m_PrefabAsset: {fileID: 0}
--- !u!1 &8954556084885877450 stripped
GameObject:
  m_CorrespondingSourceObject: {fileID: 7626516774810541702, guid: d9e6a2b754f5d361f8bec5e75fcd9dd7,
    type: 3}
  m_PrefabInstance: {fileID: 1554355164399053900}
  m_PrefabAsset: {fileID: 0}
--- !u!212 &8954556084885877446 stripped
SpriteRenderer:
  m_CorrespondingSourceObject: {fileID: 7626516774810541706, guid: d9e6a2b754f5d361f8bec5e75fcd9dd7,
    type: 3}
  m_PrefabInstance: {fileID: 1554355164399053900}
  m_PrefabAsset: {fileID: 0}
--- !u!95 &8954556084885877449 stripped
Animator:
  m_CorrespondingSourceObject: {fileID: 7626516774810541701, guid: d9e6a2b754f5d361f8bec5e75fcd9dd7,
    type: 3}
  m_PrefabInstance: {fileID: 1554355164399053900}
  m_PrefabAsset: {fileID: 0}
--- !u!212 &8954556085092761736 stripped
SpriteRenderer:
  m_CorrespondingSourceObject: {fileID: 7626516774901050564, guid: d9e6a2b754f5d361f8bec5e75fcd9dd7,
    type: 3}
  m_PrefabInstance: {fileID: 1554355164399053900}
  m_PrefabAsset: {fileID: 0}
--- !u!95 &7775954896818937352 stripped
Animator:
  m_CorrespondingSourceObject: {fileID: 9114036663982928452, guid: d9e6a2b754f5d361f8bec5e75fcd9dd7,
    type: 3}
  m_PrefabInstance: {fileID: 1554355164399053900}
  m_PrefabAsset: {fileID: 0}
--- !u!212 &2557382244110110730 stripped
SpriteRenderer:
  m_CorrespondingSourceObject: {fileID: 3958532477141630022, guid: d9e6a2b754f5d361f8bec5e75fcd9dd7,
    type: 3}
  m_PrefabInstance: {fileID: 1554355164399053900}
  m_PrefabAsset: {fileID: 0}
--- !u!95 &7395341581858729379 stripped
Animator:
  m_CorrespondingSourceObject: {fileID: 8301165686803251695, guid: d9e6a2b754f5d361f8bec5e75fcd9dd7,
    type: 3}
  m_PrefabInstance: {fileID: 1554355164399053900}
  m_PrefabAsset: {fileID: 0}
--- !u!212 &5332886537337278408 stripped
SpriteRenderer:
  m_CorrespondingSourceObject: {fileID: 6886027763447178116, guid: d9e6a2b754f5d361f8bec5e75fcd9dd7,
    type: 3}
  m_PrefabInstance: {fileID: 1554355164399053900}
  m_PrefabAsset: {fileID: 0}
--- !u!1 &5116476837559361602 stripped
GameObject:
  m_CorrespondingSourceObject: {fileID: 5950184582450105358, guid: d9e6a2b754f5d361f8bec5e75fcd9dd7,
    type: 3}
  m_PrefabInstance: {fileID: 1554355164399053900}
  m_PrefabAsset: {fileID: 0}
--- !u!212 &8954556083913352427 stripped
SpriteRenderer:
  m_CorrespondingSourceObject: {fileID: 7626516775852263591, guid: d9e6a2b754f5d361f8bec5e75fcd9dd7,
    type: 3}
  m_PrefabInstance: {fileID: 1554355164399053900}
  m_PrefabAsset: {fileID: 0}
--- !u!1 &8954556085092761740 stripped
GameObject:
  m_CorrespondingSourceObject: {fileID: 7626516774901050560, guid: d9e6a2b754f5d361f8bec5e75fcd9dd7,
    type: 3}
  m_PrefabInstance: {fileID: 1554355164399053900}
  m_PrefabAsset: {fileID: 0}
--- !u!95 &8954556085092761739 stripped
Animator:
  m_CorrespondingSourceObject: {fileID: 7626516774901050567, guid: d9e6a2b754f5d361f8bec5e75fcd9dd7,
    type: 3}
  m_PrefabInstance: {fileID: 1554355164399053900}
  m_PrefabAsset: {fileID: 0}
--- !u!1 &8954556083913352431 stripped
GameObject:
  m_CorrespondingSourceObject: {fileID: 7626516775852263587, guid: d9e6a2b754f5d361f8bec5e75fcd9dd7,
    type: 3}
  m_PrefabInstance: {fileID: 1554355164399053900}
  m_PrefabAsset: {fileID: 0}
--- !u!95 &8954556083913352426 stripped
Animator:
  m_CorrespondingSourceObject: {fileID: 7626516775852263590, guid: d9e6a2b754f5d361f8bec5e75fcd9dd7,
    type: 3}
  m_PrefabInstance: {fileID: 1554355164399053900}
  m_PrefabAsset: {fileID: 0}
--- !u!1001 &3022901967606928592
PrefabInstance:
  m_ObjectHideFlags: 0
  serializedVersion: 2
  m_Modification:
    m_TransformParent: {fileID: 4825428864811259942}
    m_Modifications:
    - target: {fileID: 1227078441742220084, guid: b256d05936726a281a76eb433889a7d6,
        type: 3}
      propertyPath: weapon
      value: 
      objectReference: {fileID: 0}
    - target: {fileID: 3960022566875426054, guid: b256d05936726a281a76eb433889a7d6,
        type: 3}
      propertyPath: m_RootOrder
      value: 9
      objectReference: {fileID: 0}
    - target: {fileID: 3960022566875426054, guid: b256d05936726a281a76eb433889a7d6,
        type: 3}
      propertyPath: m_LocalScale.x
      value: 1.3
      objectReference: {fileID: 0}
    - target: {fileID: 3960022566875426054, guid: b256d05936726a281a76eb433889a7d6,
        type: 3}
      propertyPath: m_LocalScale.y
      value: 1.5
      objectReference: {fileID: 0}
    - target: {fileID: 3960022566875426054, guid: b256d05936726a281a76eb433889a7d6,
        type: 3}
      propertyPath: m_LocalScale.z
      value: 1.3
      objectReference: {fileID: 0}
    - target: {fileID: 3960022566875426054, guid: b256d05936726a281a76eb433889a7d6,
        type: 3}
      propertyPath: m_LocalPosition.x
      value: -202
      objectReference: {fileID: 0}
    - target: {fileID: 3960022566875426054, guid: b256d05936726a281a76eb433889a7d6,
        type: 3}
      propertyPath: m_LocalPosition.y
      value: 1.5
      objectReference: {fileID: 0}
    - target: {fileID: 3960022566875426054, guid: b256d05936726a281a76eb433889a7d6,
        type: 3}
      propertyPath: m_LocalPosition.z
      value: 35.1
      objectReference: {fileID: 0}
    - target: {fileID: 3960022566875426054, guid: b256d05936726a281a76eb433889a7d6,
        type: 3}
      propertyPath: m_LocalRotation.w
      value: 1
      objectReference: {fileID: 0}
    - target: {fileID: 3960022566875426054, guid: b256d05936726a281a76eb433889a7d6,
        type: 3}
      propertyPath: m_LocalRotation.x
      value: -0
      objectReference: {fileID: 0}
    - target: {fileID: 3960022566875426054, guid: b256d05936726a281a76eb433889a7d6,
        type: 3}
      propertyPath: m_LocalRotation.y
      value: -0
      objectReference: {fileID: 0}
    - target: {fileID: 3960022566875426054, guid: b256d05936726a281a76eb433889a7d6,
        type: 3}
      propertyPath: m_LocalRotation.z
      value: -0
      objectReference: {fileID: 0}
    - target: {fileID: 3960022566875426054, guid: b256d05936726a281a76eb433889a7d6,
        type: 3}
      propertyPath: m_LocalEulerAnglesHint.x
      value: 0
      objectReference: {fileID: 0}
    - target: {fileID: 3960022566875426054, guid: b256d05936726a281a76eb433889a7d6,
        type: 3}
      propertyPath: m_LocalEulerAnglesHint.y
      value: 0
      objectReference: {fileID: 0}
    - target: {fileID: 3960022566875426054, guid: b256d05936726a281a76eb433889a7d6,
        type: 3}
      propertyPath: m_LocalEulerAnglesHint.z
      value: 0
      objectReference: {fileID: 0}
    - target: {fileID: 7944257866450246020, guid: b256d05936726a281a76eb433889a7d6,
        type: 3}
      propertyPath: m_Name
      value: Inventory
      objectReference: {fileID: 0}
    m_RemovedComponents: []
  m_SourcePrefab: {fileID: 100100000, guid: b256d05936726a281a76eb433889a7d6, type: 3}
--- !u!114 &4104173465800536036 stripped
MonoBehaviour:
  m_CorrespondingSourceObject: {fileID: 1227078441742220084, guid: b256d05936726a281a76eb433889a7d6,
    type: 3}
  m_PrefabInstance: {fileID: 3022901967606928592}
  m_PrefabAsset: {fileID: 0}
  m_GameObject: {fileID: 0}
  m_Enabled: 1
  m_EditorHideFlags: 0
  m_Script: {fileID: 11500000, guid: 7253a000a9d0653a9a1beb11e2b49c75, type: 3}
  m_Name: 
  m_EditorClassIdentifier: 
--- !u!4 &2235846836053719510 stripped
Transform:
  m_CorrespondingSourceObject: {fileID: 3960022566875426054, guid: b256d05936726a281a76eb433889a7d6,
    type: 3}
  m_PrefabInstance: {fileID: 3022901967606928592}
  m_PrefabAsset: {fileID: 0}
--- !u!1001 &5669523267734825752
PrefabInstance:
  m_ObjectHideFlags: 0
  serializedVersion: 2
  m_Modification:
    m_TransformParent: {fileID: 4825428864811259942}
    m_Modifications:
    - target: {fileID: 5365271282703503883, guid: 6a8272a778711b8f2b95beff706070c4,
        type: 3}
      propertyPath: m_Name
      value: MoveToPoint
      objectReference: {fileID: 0}
    - target: {fileID: 5365271282703503883, guid: 6a8272a778711b8f2b95beff706070c4,
        type: 3}
      propertyPath: m_Layer
      value: 8
      objectReference: {fileID: 0}
    - target: {fileID: 5365271282703503883, guid: 6a8272a778711b8f2b95beff706070c4,
        type: 3}
      propertyPath: m_IsActive
      value: 0
      objectReference: {fileID: 0}
    - target: {fileID: 5365271282703503892, guid: 6a8272a778711b8f2b95beff706070c4,
        type: 3}
      propertyPath: m_RootOrder
      value: 4
      objectReference: {fileID: 0}
    - target: {fileID: 5365271282703503892, guid: 6a8272a778711b8f2b95beff706070c4,
        type: 3}
      propertyPath: m_LocalPosition.x
      value: 0
      objectReference: {fileID: 0}
    - target: {fileID: 5365271282703503892, guid: 6a8272a778711b8f2b95beff706070c4,
        type: 3}
      propertyPath: m_LocalPosition.y
      value: 0
      objectReference: {fileID: 0}
    - target: {fileID: 5365271282703503892, guid: 6a8272a778711b8f2b95beff706070c4,
        type: 3}
      propertyPath: m_LocalPosition.z
      value: 0
      objectReference: {fileID: 0}
    - target: {fileID: 5365271282703503892, guid: 6a8272a778711b8f2b95beff706070c4,
        type: 3}
      propertyPath: m_LocalRotation.w
      value: 1
      objectReference: {fileID: 0}
    - target: {fileID: 5365271282703503892, guid: 6a8272a778711b8f2b95beff706070c4,
        type: 3}
      propertyPath: m_LocalRotation.x
      value: 0
      objectReference: {fileID: 0}
    - target: {fileID: 5365271282703503892, guid: 6a8272a778711b8f2b95beff706070c4,
        type: 3}
      propertyPath: m_LocalRotation.y
      value: 0
      objectReference: {fileID: 0}
    - target: {fileID: 5365271282703503892, guid: 6a8272a778711b8f2b95beff706070c4,
        type: 3}
      propertyPath: m_LocalRotation.z
      value: 0
      objectReference: {fileID: 0}
    - target: {fileID: 5365271282703503892, guid: 6a8272a778711b8f2b95beff706070c4,
        type: 3}
      propertyPath: m_LocalEulerAnglesHint.x
      value: 0
      objectReference: {fileID: 0}
    - target: {fileID: 5365271282703503892, guid: 6a8272a778711b8f2b95beff706070c4,
        type: 3}
      propertyPath: m_LocalEulerAnglesHint.y
      value: 0
      objectReference: {fileID: 0}
    - target: {fileID: 5365271282703503892, guid: 6a8272a778711b8f2b95beff706070c4,
        type: 3}
      propertyPath: m_LocalEulerAnglesHint.z
      value: 0
      objectReference: {fileID: 0}
    m_RemovedComponents: []
  m_SourcePrefab: {fileID: 100100000, guid: 6a8272a778711b8f2b95beff706070c4, type: 3}
--- !u!4 &350001564351527180 stripped
Transform:
  m_CorrespondingSourceObject: {fileID: 5365271282703503892, guid: 6a8272a778711b8f2b95beff706070c4,
    type: 3}
  m_PrefabInstance: {fileID: 5669523267734825752}
  m_PrefabAsset: {fileID: 0}
--- !u!1 &350001564351527187 stripped
GameObject:
  m_CorrespondingSourceObject: {fileID: 5365271282703503883, guid: 6a8272a778711b8f2b95beff706070c4,
    type: 3}
  m_PrefabInstance: {fileID: 5669523267734825752}
  m_PrefabAsset: {fileID: 0}
--- !u!1001 &5982051402230690214
PrefabInstance:
  m_ObjectHideFlags: 0
  serializedVersion: 2
  m_Modification:
    m_TransformParent: {fileID: 4825428864811259942}
    m_Modifications:
    - target: {fileID: 5365271282703503883, guid: 6a8272a778711b8f2b95beff706070c4,
        type: 3}
      propertyPath: m_Name
      value: MoveToPoint (3)
      objectReference: {fileID: 0}
    - target: {fileID: 5365271282703503883, guid: 6a8272a778711b8f2b95beff706070c4,
        type: 3}
      propertyPath: m_Layer
      value: 8
      objectReference: {fileID: 0}
    - target: {fileID: 5365271282703503883, guid: 6a8272a778711b8f2b95beff706070c4,
        type: 3}
      propertyPath: m_IsActive
      value: 0
      objectReference: {fileID: 0}
    - target: {fileID: 5365271282703503892, guid: 6a8272a778711b8f2b95beff706070c4,
        type: 3}
      propertyPath: m_RootOrder
      value: 7
      objectReference: {fileID: 0}
    - target: {fileID: 5365271282703503892, guid: 6a8272a778711b8f2b95beff706070c4,
        type: 3}
      propertyPath: m_LocalPosition.x
      value: 0
      objectReference: {fileID: 0}
    - target: {fileID: 5365271282703503892, guid: 6a8272a778711b8f2b95beff706070c4,
        type: 3}
      propertyPath: m_LocalPosition.y
      value: 0
      objectReference: {fileID: 0}
    - target: {fileID: 5365271282703503892, guid: 6a8272a778711b8f2b95beff706070c4,
        type: 3}
      propertyPath: m_LocalPosition.z
      value: 0
      objectReference: {fileID: 0}
    - target: {fileID: 5365271282703503892, guid: 6a8272a778711b8f2b95beff706070c4,
        type: 3}
      propertyPath: m_LocalRotation.w
      value: 1
      objectReference: {fileID: 0}
    - target: {fileID: 5365271282703503892, guid: 6a8272a778711b8f2b95beff706070c4,
        type: 3}
      propertyPath: m_LocalRotation.x
      value: 0
      objectReference: {fileID: 0}
    - target: {fileID: 5365271282703503892, guid: 6a8272a778711b8f2b95beff706070c4,
        type: 3}
      propertyPath: m_LocalRotation.y
      value: 0
      objectReference: {fileID: 0}
    - target: {fileID: 5365271282703503892, guid: 6a8272a778711b8f2b95beff706070c4,
        type: 3}
      propertyPath: m_LocalRotation.z
      value: 0
      objectReference: {fileID: 0}
    - target: {fileID: 5365271282703503892, guid: 6a8272a778711b8f2b95beff706070c4,
        type: 3}
      propertyPath: m_LocalEulerAnglesHint.x
      value: 0
      objectReference: {fileID: 0}
    - target: {fileID: 5365271282703503892, guid: 6a8272a778711b8f2b95beff706070c4,
        type: 3}
      propertyPath: m_LocalEulerAnglesHint.y
      value: 0
      objectReference: {fileID: 0}
    - target: {fileID: 5365271282703503892, guid: 6a8272a778711b8f2b95beff706070c4,
        type: 3}
      propertyPath: m_LocalEulerAnglesHint.z
      value: 0
      objectReference: {fileID: 0}
    m_RemovedComponents: []
  m_SourcePrefab: {fileID: 100100000, guid: 6a8272a778711b8f2b95beff706070c4, type: 3}
--- !u!1 &1833459555761382317 stripped
GameObject:
  m_CorrespondingSourceObject: {fileID: 5365271282703503883, guid: 6a8272a778711b8f2b95beff706070c4,
    type: 3}
  m_PrefabInstance: {fileID: 5982051402230690214}
  m_PrefabAsset: {fileID: 0}
--- !u!4 &1833459555761382322 stripped
Transform:
  m_CorrespondingSourceObject: {fileID: 5365271282703503892, guid: 6a8272a778711b8f2b95beff706070c4,
    type: 3}
  m_PrefabInstance: {fileID: 5982051402230690214}
  m_PrefabAsset: {fileID: 0}
--- !u!1001 &6196602168065130891
PrefabInstance:
  m_ObjectHideFlags: 0
  serializedVersion: 2
  m_Modification:
    m_TransformParent: {fileID: 4825428864811259942}
    m_Modifications:
    - target: {fileID: 5365271282703503883, guid: 6a8272a778711b8f2b95beff706070c4,
        type: 3}
      propertyPath: m_Name
      value: MoveToPoint (4)
      objectReference: {fileID: 0}
    - target: {fileID: 5365271282703503883, guid: 6a8272a778711b8f2b95beff706070c4,
        type: 3}
      propertyPath: m_Layer
      value: 8
      objectReference: {fileID: 0}
    - target: {fileID: 5365271282703503883, guid: 6a8272a778711b8f2b95beff706070c4,
        type: 3}
      propertyPath: m_IsActive
      value: 0
      objectReference: {fileID: 0}
    - target: {fileID: 5365271282703503892, guid: 6a8272a778711b8f2b95beff706070c4,
        type: 3}
      propertyPath: m_RootOrder
      value: 8
      objectReference: {fileID: 0}
    - target: {fileID: 5365271282703503892, guid: 6a8272a778711b8f2b95beff706070c4,
        type: 3}
      propertyPath: m_LocalPosition.x
      value: 0
      objectReference: {fileID: 0}
    - target: {fileID: 5365271282703503892, guid: 6a8272a778711b8f2b95beff706070c4,
        type: 3}
      propertyPath: m_LocalPosition.y
      value: 0
      objectReference: {fileID: 0}
    - target: {fileID: 5365271282703503892, guid: 6a8272a778711b8f2b95beff706070c4,
        type: 3}
      propertyPath: m_LocalPosition.z
      value: 0
      objectReference: {fileID: 0}
    - target: {fileID: 5365271282703503892, guid: 6a8272a778711b8f2b95beff706070c4,
        type: 3}
      propertyPath: m_LocalRotation.w
      value: 1
      objectReference: {fileID: 0}
    - target: {fileID: 5365271282703503892, guid: 6a8272a778711b8f2b95beff706070c4,
        type: 3}
      propertyPath: m_LocalRotation.x
      value: 0
      objectReference: {fileID: 0}
    - target: {fileID: 5365271282703503892, guid: 6a8272a778711b8f2b95beff706070c4,
        type: 3}
      propertyPath: m_LocalRotation.y
      value: 0
      objectReference: {fileID: 0}
    - target: {fileID: 5365271282703503892, guid: 6a8272a778711b8f2b95beff706070c4,
        type: 3}
      propertyPath: m_LocalRotation.z
      value: 0
      objectReference: {fileID: 0}
    - target: {fileID: 5365271282703503892, guid: 6a8272a778711b8f2b95beff706070c4,
        type: 3}
      propertyPath: m_LocalEulerAnglesHint.x
      value: 0
      objectReference: {fileID: 0}
    - target: {fileID: 5365271282703503892, guid: 6a8272a778711b8f2b95beff706070c4,
        type: 3}
      propertyPath: m_LocalEulerAnglesHint.y
      value: 0
      objectReference: {fileID: 0}
    - target: {fileID: 5365271282703503892, guid: 6a8272a778711b8f2b95beff706070c4,
        type: 3}
      propertyPath: m_LocalEulerAnglesHint.z
      value: 0
      objectReference: {fileID: 0}
    m_RemovedComponents: []
  m_SourcePrefab: {fileID: 100100000, guid: 6a8272a778711b8f2b95beff706070c4, type: 3}
--- !u!1 &2273056780983833472 stripped
GameObject:
  m_CorrespondingSourceObject: {fileID: 5365271282703503883, guid: 6a8272a778711b8f2b95beff706070c4,
    type: 3}
  m_PrefabInstance: {fileID: 6196602168065130891}
  m_PrefabAsset: {fileID: 0}
--- !u!4 &2273056780983833503 stripped
Transform:
  m_CorrespondingSourceObject: {fileID: 5365271282703503892, guid: 6a8272a778711b8f2b95beff706070c4,
    type: 3}
  m_PrefabInstance: {fileID: 6196602168065130891}
  m_PrefabAsset: {fileID: 0}
--- !u!1001 &7143336174377723625
PrefabInstance:
  m_ObjectHideFlags: 0
  serializedVersion: 2
  m_Modification:
    m_TransformParent: {fileID: 4825428864811259942}
    m_Modifications:
    - target: {fileID: 5365271282703503883, guid: 6a8272a778711b8f2b95beff706070c4,
        type: 3}
      propertyPath: m_Name
      value: MoveToPoint (2)
      objectReference: {fileID: 0}
    - target: {fileID: 5365271282703503883, guid: 6a8272a778711b8f2b95beff706070c4,
        type: 3}
      propertyPath: m_Layer
      value: 8
      objectReference: {fileID: 0}
    - target: {fileID: 5365271282703503883, guid: 6a8272a778711b8f2b95beff706070c4,
        type: 3}
      propertyPath: m_IsActive
      value: 0
      objectReference: {fileID: 0}
    - target: {fileID: 5365271282703503892, guid: 6a8272a778711b8f2b95beff706070c4,
        type: 3}
      propertyPath: m_RootOrder
      value: 6
      objectReference: {fileID: 0}
    - target: {fileID: 5365271282703503892, guid: 6a8272a778711b8f2b95beff706070c4,
        type: 3}
      propertyPath: m_LocalPosition.x
      value: 0
      objectReference: {fileID: 0}
    - target: {fileID: 5365271282703503892, guid: 6a8272a778711b8f2b95beff706070c4,
        type: 3}
      propertyPath: m_LocalPosition.y
      value: 0
      objectReference: {fileID: 0}
    - target: {fileID: 5365271282703503892, guid: 6a8272a778711b8f2b95beff706070c4,
        type: 3}
      propertyPath: m_LocalPosition.z
      value: 0
      objectReference: {fileID: 0}
    - target: {fileID: 5365271282703503892, guid: 6a8272a778711b8f2b95beff706070c4,
        type: 3}
      propertyPath: m_LocalRotation.w
      value: 1
      objectReference: {fileID: 0}
    - target: {fileID: 5365271282703503892, guid: 6a8272a778711b8f2b95beff706070c4,
        type: 3}
      propertyPath: m_LocalRotation.x
      value: 0
      objectReference: {fileID: 0}
    - target: {fileID: 5365271282703503892, guid: 6a8272a778711b8f2b95beff706070c4,
        type: 3}
      propertyPath: m_LocalRotation.y
      value: 0
      objectReference: {fileID: 0}
    - target: {fileID: 5365271282703503892, guid: 6a8272a778711b8f2b95beff706070c4,
        type: 3}
      propertyPath: m_LocalRotation.z
      value: 0
      objectReference: {fileID: 0}
    - target: {fileID: 5365271282703503892, guid: 6a8272a778711b8f2b95beff706070c4,
        type: 3}
      propertyPath: m_LocalEulerAnglesHint.x
      value: 0
      objectReference: {fileID: 0}
    - target: {fileID: 5365271282703503892, guid: 6a8272a778711b8f2b95beff706070c4,
        type: 3}
      propertyPath: m_LocalEulerAnglesHint.y
      value: 0
      objectReference: {fileID: 0}
    - target: {fileID: 5365271282703503892, guid: 6a8272a778711b8f2b95beff706070c4,
        type: 3}
      propertyPath: m_LocalEulerAnglesHint.z
      value: 0
      objectReference: {fileID: 0}
    m_RemovedComponents: []
  m_SourcePrefab: {fileID: 100100000, guid: 6a8272a778711b8f2b95beff706070c4, type: 3}
--- !u!4 &2978990044265510141 stripped
Transform:
  m_CorrespondingSourceObject: {fileID: 5365271282703503892, guid: 6a8272a778711b8f2b95beff706070c4,
    type: 3}
  m_PrefabInstance: {fileID: 7143336174377723625}
  m_PrefabAsset: {fileID: 0}
--- !u!1 &2978990044265510114 stripped
GameObject:
  m_CorrespondingSourceObject: {fileID: 5365271282703503883, guid: 6a8272a778711b8f2b95beff706070c4,
    type: 3}
  m_PrefabInstance: {fileID: 7143336174377723625}
  m_PrefabAsset: {fileID: 0}
--- !u!1001 &9188653241182642284
PrefabInstance:
  m_ObjectHideFlags: 0
  serializedVersion: 2
  m_Modification:
    m_TransformParent: {fileID: 4825428864811259942}
    m_Modifications:
    - target: {fileID: 5365271282703503883, guid: 6a8272a778711b8f2b95beff706070c4,
        type: 3}
      propertyPath: m_Name
      value: MoveToPoint (1)
      objectReference: {fileID: 0}
    - target: {fileID: 5365271282703503883, guid: 6a8272a778711b8f2b95beff706070c4,
        type: 3}
      propertyPath: m_Layer
      value: 8
      objectReference: {fileID: 0}
    - target: {fileID: 5365271282703503883, guid: 6a8272a778711b8f2b95beff706070c4,
        type: 3}
      propertyPath: m_IsActive
      value: 0
      objectReference: {fileID: 0}
    - target: {fileID: 5365271282703503892, guid: 6a8272a778711b8f2b95beff706070c4,
        type: 3}
      propertyPath: m_RootOrder
      value: 5
      objectReference: {fileID: 0}
    - target: {fileID: 5365271282703503892, guid: 6a8272a778711b8f2b95beff706070c4,
        type: 3}
      propertyPath: m_LocalPosition.x
      value: 0
      objectReference: {fileID: 0}
    - target: {fileID: 5365271282703503892, guid: 6a8272a778711b8f2b95beff706070c4,
        type: 3}
      propertyPath: m_LocalPosition.y
      value: 0
      objectReference: {fileID: 0}
    - target: {fileID: 5365271282703503892, guid: 6a8272a778711b8f2b95beff706070c4,
        type: 3}
      propertyPath: m_LocalPosition.z
      value: 0
      objectReference: {fileID: 0}
    - target: {fileID: 5365271282703503892, guid: 6a8272a778711b8f2b95beff706070c4,
        type: 3}
      propertyPath: m_LocalRotation.w
      value: 1
      objectReference: {fileID: 0}
    - target: {fileID: 5365271282703503892, guid: 6a8272a778711b8f2b95beff706070c4,
        type: 3}
      propertyPath: m_LocalRotation.x
      value: 0
      objectReference: {fileID: 0}
    - target: {fileID: 5365271282703503892, guid: 6a8272a778711b8f2b95beff706070c4,
        type: 3}
      propertyPath: m_LocalRotation.y
      value: 0
      objectReference: {fileID: 0}
    - target: {fileID: 5365271282703503892, guid: 6a8272a778711b8f2b95beff706070c4,
        type: 3}
      propertyPath: m_LocalRotation.z
      value: 0
      objectReference: {fileID: 0}
    - target: {fileID: 5365271282703503892, guid: 6a8272a778711b8f2b95beff706070c4,
        type: 3}
      propertyPath: m_LocalEulerAnglesHint.x
      value: 0
      objectReference: {fileID: 0}
    - target: {fileID: 5365271282703503892, guid: 6a8272a778711b8f2b95beff706070c4,
        type: 3}
      propertyPath: m_LocalEulerAnglesHint.y
      value: 0
      objectReference: {fileID: 0}
    - target: {fileID: 5365271282703503892, guid: 6a8272a778711b8f2b95beff706070c4,
        type: 3}
      propertyPath: m_LocalEulerAnglesHint.z
      value: 0
      objectReference: {fileID: 0}
    m_RemovedComponents: []
  m_SourcePrefab: {fileID: 100100000, guid: 6a8272a778711b8f2b95beff706070c4, type: 3}
--- !u!1 &3887137260508508775 stripped
GameObject:
  m_CorrespondingSourceObject: {fileID: 5365271282703503883, guid: 6a8272a778711b8f2b95beff706070c4,
    type: 3}
  m_PrefabInstance: {fileID: 9188653241182642284}
  m_PrefabAsset: {fileID: 0}
--- !u!4 &3887137260508508792 stripped
Transform:
  m_CorrespondingSourceObject: {fileID: 5365271282703503892, guid: 6a8272a778711b8f2b95beff706070c4,
    type: 3}
  m_PrefabInstance: {fileID: 9188653241182642284}
  m_PrefabAsset: {fileID: 0}
