%YAML 1.1
%TAG !u! tag:unity3d.com,2011:
--- !u!1 &9098450958686311764
GameObject:
  m_ObjectHideFlags: 0
  m_CorrespondingSourceObject: {fileID: 0}
  m_PrefabInstance: {fileID: 0}
  m_PrefabAsset: {fileID: 0}
  serializedVersion: 6
  m_Component:
  - component: {fileID: 9098450957312949249}
  - component: {fileID: 4381254795654478252}
  - component: {fileID: 925312203095067002}
  - component: {fileID: 363584781198578746}
  - component: {fileID: -8225577207209490169}
  - component: {fileID: 1693746626605081862}
  - component: {fileID: 9098450958686311767}
  - component: {fileID: 9098450958686311769}
  - component: {fileID: 9098450958686311768}
  - component: {fileID: 9098450958686311771}
  - component: {fileID: 9098450958686311770}
  - component: {fileID: 1922918186678329612}
  - component: {fileID: 3791335167029188986}
  m_Layer: 8
  m_Name: Necromancer
  m_TagString: Player
  m_Icon: {fileID: 0}
  m_NavMeshLayer: 0
  m_StaticEditorFlags: 0
  m_IsActive: 1
--- !u!4 &9098450957312949249
Transform:
  m_ObjectHideFlags: 0
  m_CorrespondingSourceObject: {fileID: 0}
  m_PrefabInstance: {fileID: 0}
  m_PrefabAsset: {fileID: 0}
  m_GameObject: {fileID: 9098450958686311764}
  m_LocalRotation: {x: 0, y: 0, z: 0, w: 1}
  m_LocalPosition: {x: -87.020004, y: 1, z: -91.22}
  m_LocalScale: {x: 1.3, y: 1.5, z: 1.3}
  m_Children: []
  m_Father: {fileID: 0}
  m_RootOrder: 0
  m_LocalEulerAnglesHint: {x: 0, y: 0, z: 0}
--- !u!33 &4381254795654478252
MeshFilter:
  m_ObjectHideFlags: 0
  m_CorrespondingSourceObject: {fileID: 0}
  m_PrefabInstance: {fileID: 0}
  m_PrefabAsset: {fileID: 0}
  m_GameObject: {fileID: 9098450958686311764}
  m_Mesh: {fileID: 10208, guid: 0000000000000000e000000000000000, type: 0}
--- !u!23 &925312203095067002
MeshRenderer:
  m_ObjectHideFlags: 0
  m_CorrespondingSourceObject: {fileID: 0}
  m_PrefabInstance: {fileID: 0}
  m_PrefabAsset: {fileID: 0}
  m_GameObject: {fileID: 9098450958686311764}
  m_Enabled: 0
  m_CastShadows: 1
  m_ReceiveShadows: 1
  m_DynamicOccludee: 1
  m_MotionVectors: 1
  m_LightProbeUsage: 1
  m_ReflectionProbeUsage: 1
  m_RayTracingMode: 2
  m_RenderingLayerMask: 1
  m_RendererPriority: 0
  m_Materials:
  - {fileID: 10303, guid: 0000000000000000f000000000000000, type: 0}
  m_StaticBatchInfo:
    firstSubMesh: 0
    subMeshCount: 0
  m_StaticBatchRoot: {fileID: 0}
  m_ProbeAnchor: {fileID: 0}
  m_LightProbeVolumeOverride: {fileID: 0}
  m_ScaleInLightmap: 1
  m_ReceiveGI: 1
  m_PreserveUVs: 0
  m_IgnoreNormalsForChartDetection: 0
  m_ImportantGI: 0
  m_StitchLightmapSeams: 1
  m_SelectedEditorRenderState: 3
  m_MinimumChartSize: 4
  m_AutoUVMaxDistance: 0.5
  m_AutoUVMaxAngle: 89
  m_LightmapParameters: {fileID: 0}
  m_SortingLayerID: 0
  m_SortingLayer: 0
  m_SortingOrder: 0
--- !u!136 &363584781198578746
CapsuleCollider:
  m_ObjectHideFlags: 0
  m_CorrespondingSourceObject: {fileID: 0}
  m_PrefabInstance: {fileID: 0}
  m_PrefabAsset: {fileID: 0}
  m_GameObject: {fileID: 9098450958686311764}
  m_Material: {fileID: 0}
  m_IsTrigger: 0
  m_Enabled: 1
  m_Radius: 1
  m_Height: 2
  m_Direction: 1
  m_Center: {x: 0, y: 0, z: 0}
--- !u!65 &-8225577207209490169
BoxCollider:
  m_ObjectHideFlags: 0
  m_CorrespondingSourceObject: {fileID: 0}
  m_PrefabInstance: {fileID: 0}
  m_PrefabAsset: {fileID: 0}
  m_GameObject: {fileID: 9098450958686311764}
  m_Material: {fileID: 0}
  m_IsTrigger: 0
  m_Enabled: 0
  serializedVersion: 2
  m_Size: {x: 1.5, y: 0.1, z: 1.5}
  m_Center: {x: 0, y: -0.9, z: 0}
--- !u!114 &1693746626605081862
MonoBehaviour:
  m_ObjectHideFlags: 0
  m_CorrespondingSourceObject: {fileID: 0}
  m_PrefabInstance: {fileID: 0}
  m_PrefabAsset: {fileID: 0}
  m_GameObject: {fileID: 9098450958686311764}
  m_Enabled: 1
  m_EditorHideFlags: 0
  m_Script: {fileID: 11500000, guid: e31a95c000b2ba79b81a2f2f67dec2b7, type: 3}
  m_Name: 
  m_EditorClassIdentifier: 
  speed: 6
  anim:
  - {fileID: 0}
  - {fileID: 0}
  - {fileID: 0}
--- !u!114 &9098450958686311767
MonoBehaviour:
  m_ObjectHideFlags: 0
  m_CorrespondingSourceObject: {fileID: 0}
  m_PrefabInstance: {fileID: 0}
  m_PrefabAsset: {fileID: 0}
  m_GameObject: {fileID: 9098450958686311764}
  m_Enabled: 1
  m_EditorHideFlags: 0
  m_Script: {fileID: 11500000, guid: bdfa19bfaba3ee986a9ecbddb9b36a0d, type: 3}
  m_Name: 
  m_EditorClassIdentifier: 
  maxHealth: 4
  block: 15
  power: 1
  walkSpeed: 0
  runSpeed: 0
--- !u!114 &9098450958686311769
MonoBehaviour:
  m_ObjectHideFlags: 0
  m_CorrespondingSourceObject: {fileID: 0}
  m_PrefabInstance: {fileID: 0}
  m_PrefabAsset: {fileID: 0}
  m_GameObject: {fileID: 9098450958686311764}
  m_Enabled: 1
  m_EditorHideFlags: 0
  m_Script: {fileID: 11500000, guid: 564bf5016a4e7d6dd95006bc9d587f78, type: 3}
  m_Name: 
  m_EditorClassIdentifier: 
  currHealth: 4
  armor: 0
  armorBonus: 0
  armorBonusTime: 0
  armorIcon: {fileID: 0}
  armorNegIcon: {fileID: 0}
  spellAnim: {fileID: 0}
  animators:
  - {fileID: 0}
  - {fileID: 0}
  - {fileID: 0}
  sprites: []
  pDeathAnim: {fileID: 0}
  artObj: {fileID: 0}
  stats: {fileID: 9098450958686311767}
  painTolerance: 5
  permaDeathPoint: -3
  lifeMeter: {fileID: 0}
  zombieLifeMeter: {fileID: 0}
  currentLifeMeter: {fileID: 0}
  selectionIcon: {fileID: 0}
  raiseIcon: {fileID: 0}
  banEarthIcon: {fileID: 0}
  selected: 0
  hoverSelect: 0
  hoverRaise: 0
  showLife: 1
  showBanEarthIcon: 0
  navComponent: {fileID: 0}
  audioSource: {fileID: 1922918186678329612}
  blockSound:
  - {fileID: 8300000, guid: f689163806c6683dbba096c00516c763, type: 3}
  - {fileID: 8300000, guid: d81aa86a38da0ae8bb81fda415698a53, type: 3}
  - {fileID: 8300000, guid: 0afddd6cd4eba9d458f603ffc647b5e8, type: 3}
  hitSound:
  - {fileID: 8300000, guid: 40c405e564b49fd15a760f98e6367fc8, type: 3}
  - {fileID: 8300000, guid: 89e2b1056acff6781aa6cad89e4877ab, type: 3}
  - {fileID: 8300000, guid: 1d2119339c253ebc6b4d0f52d6c46a32, type: 3}
  - {fileID: 8300000, guid: 255da189289aeb947a39a4ae72f6e9bf, type: 3}
  alreadyDead: 0
  bloodPrefab: {fileID: 8517341680478349249, guid: 8a0ad64e28438fd37a53ddc5d5134f1f,
    type: 3}
  debugOn: 0
--- !u!114 &9098450958686311768
MonoBehaviour:
  m_ObjectHideFlags: 0
  m_CorrespondingSourceObject: {fileID: 0}
  m_PrefabInstance: {fileID: 0}
  m_PrefabAsset: {fileID: 0}
  m_GameObject: {fileID: 9098450958686311764}
  m_Enabled: 1
  m_EditorHideFlags: 0
  m_Script: {fileID: 11500000, guid: d47ba5999980ad8839a3abc6d1efd056, type: 3}
  m_Name: 
  m_EditorClassIdentifier: 
  playerStat: {fileID: 9098450958686311770}
  spell: 0
  spells: 
  spellIcons: {fileID: 0}
  selectedUnits: []
  group1: []
  group2: []
  group3: []
  group4: []
  movePointPrefab: {fileID: 5365271282703503883, guid: 6a8272a778711b8f2b95beff706070c4,
    type: 3}
--- !u!114 &9098450958686311771
MonoBehaviour:
  m_ObjectHideFlags: 0
  m_CorrespondingSourceObject: {fileID: 0}
  m_PrefabInstance: {fileID: 0}
  m_PrefabAsset: {fileID: 0}
  m_GameObject: {fileID: 9098450958686311764}
  m_Enabled: 1
  m_EditorHideFlags: 0
  m_Script: {fileID: 11500000, guid: be1c3570c641bb16989b1edd08a1d213, type: 3}
  m_Name: 
  m_EditorClassIdentifier: 
  attackDistance: 3
  damageMax: 2
  damageMin: 1
  anim: {fileID: 0}
--- !u!114 &9098450958686311770
MonoBehaviour:
  m_ObjectHideFlags: 0
  m_CorrespondingSourceObject: {fileID: 0}
  m_PrefabInstance: {fileID: 0}
  m_PrefabAsset: {fileID: 0}
  m_GameObject: {fileID: 9098450958686311764}
  m_Enabled: 1
  m_EditorHideFlags: 0
  m_Script: {fileID: 11500000, guid: 96e336444eb0ccc689720e3e70ae95e2, type: 3}
  m_Name: 
  m_EditorClassIdentifier: 
  maxWill: 20
  will: 20
  willRegen: 4
  willPrint: {fileID: 0}
  willDrain: 0
  level: 1
  exp: 0
  area: 0
  entrance: 0
  banishEarth: 1
--- !u!82 &1922918186678329612
AudioSource:
  m_ObjectHideFlags: 0
  m_CorrespondingSourceObject: {fileID: 0}
  m_PrefabInstance: {fileID: 0}
  m_PrefabAsset: {fileID: 0}
  m_GameObject: {fileID: 9098450958686311764}
  m_Enabled: 1
  serializedVersion: 4
  OutputAudioMixerGroup: {fileID: 0}
  m_audioClip: {fileID: 0}
  m_PlayOnAwake: 1
  m_Volume: 1
  m_Pitch: 1
  Loop: 0
  Mute: 0
  Spatialize: 0
  SpatializePostEffects: 0
  Priority: 128
  DopplerLevel: 1
  MinDistance: 1
  MaxDistance: 500
  Pan2D: 0
  rolloffMode: 0
  BypassEffects: 0
  BypassListenerEffects: 0
  BypassReverbZones: 0
  rolloffCustomCurve:
    serializedVersion: 2
    m_Curve:
    - serializedVersion: 3
      time: 0
      value: 1
      inSlope: 0
      outSlope: 0
      tangentMode: 0
      weightedMode: 0
      inWeight: 0.33333334
      outWeight: 0.33333334
    - serializedVersion: 3
      time: 1
      value: 0
      inSlope: 0
      outSlope: 0
      tangentMode: 0
      weightedMode: 0
      inWeight: 0.33333334
      outWeight: 0.33333334
    m_PreInfinity: 2
    m_PostInfinity: 2
    m_RotationOrder: 4
  panLevelCustomCurve:
    serializedVersion: 2
    m_Curve:
    - serializedVersion: 3
      time: 0
      value: 0
      inSlope: 0
      outSlope: 0
      tangentMode: 0
      weightedMode: 0
      inWeight: 0.33333334
      outWeight: 0.33333334
    m_PreInfinity: 2
    m_PostInfinity: 2
    m_RotationOrder: 4
  spreadCustomCurve:
    serializedVersion: 2
    m_Curve:
    - serializedVersion: 3
      time: 0
      value: 0
      inSlope: 0
      outSlope: 0
      tangentMode: 0
      weightedMode: 0
      inWeight: 0.33333334
      outWeight: 0.33333334
    m_PreInfinity: 2
    m_PostInfinity: 2
    m_RotationOrder: 4
  reverbZoneMixCustomCurve:
    serializedVersion: 2
    m_Curve:
    - serializedVersion: 3
      time: 0
      value: 1
      inSlope: 0
      outSlope: 0
      tangentMode: 0
      weightedMode: 0
      inWeight: 0.33333334
      outWeight: 0.33333334
    m_PreInfinity: 2
    m_PostInfinity: 2
    m_RotationOrder: 4
--- !u!54 &3791335167029188986
Rigidbody:
  m_ObjectHideFlags: 0
  m_CorrespondingSourceObject: {fileID: 0}
  m_PrefabInstance: {fileID: 0}
  m_PrefabAsset: {fileID: 0}
  m_GameObject: {fileID: 9098450958686311764}
  serializedVersion: 2
  m_Mass: 70
  m_Drag: 70
  m_AngularDrag: 0.05
  m_UseGravity: 0
  m_IsKinematic: 0
  m_Interpolate: 0
  m_Constraints: 116
  m_CollisionDetection: 0
