%YAML 1.1
%TAG !u! tag:unity3d.com,2011:
--- !u!1 &2385981305361307637
GameObject:
  m_ObjectHideFlags: 0
  m_CorrespondingSourceObject: {fileID: 0}
  m_PrefabInstance: {fileID: 0}
  m_PrefabAsset: {fileID: 0}
  serializedVersion: 6
  m_Component:
  - component: {fileID: 2385981305361307636}
  - component: {fileID: 2385981305361307641}
  - component: {fileID: 2385981305361307638}
  - component: {fileID: 2385981305361307639}
  m_Layer: 8
  m_Name: Front
  m_TagString: Untagged
  m_Icon: {fileID: 0}
  m_NavMeshLayer: 0
  m_StaticEditorFlags: 0
  m_IsActive: 0
--- !u!4 &2385981305361307636
Transform:
  m_ObjectHideFlags: 0
  m_CorrespondingSourceObject: {fileID: 0}
  m_PrefabInstance: {fileID: 0}
  m_PrefabAsset: {fileID: 0}
  m_GameObject: {fileID: 2385981305361307637}
  m_LocalRotation: {x: -0, y: -0, z: -0, w: 1}
  m_LocalPosition: {x: 0, y: 0, z: 0.5}
  m_LocalScale: {x: 0.5, y: 0.5, z: 0.5}
  m_Children: []
  m_Father: {fileID: 2385981305727767641}
  m_RootOrder: 0
  m_LocalEulerAnglesHint: {x: 0, y: 0, z: 0}
--- !u!33 &2385981305361307641
MeshFilter:
  m_ObjectHideFlags: 0
  m_CorrespondingSourceObject: {fileID: 0}
  m_PrefabInstance: {fileID: 0}
  m_PrefabAsset: {fileID: 0}
  m_GameObject: {fileID: 2385981305361307637}
  m_Mesh: {fileID: 10207, guid: 0000000000000000e000000000000000, type: 0}
--- !u!23 &2385981305361307638
MeshRenderer:
  m_ObjectHideFlags: 0
  m_CorrespondingSourceObject: {fileID: 0}
  m_PrefabInstance: {fileID: 0}
  m_PrefabAsset: {fileID: 0}
  m_GameObject: {fileID: 2385981305361307637}
  m_Enabled: 1
  m_CastShadows: 1
  m_ReceiveShadows: 1
  m_DynamicOccludee: 1
  m_MotionVectors: 1
  m_LightProbeUsage: 1
  m_ReflectionProbeUsage: 1
  m_RayTracingMode: 2
  m_RenderingLayerMask: 1
  m_RendererPriority: 0
  m_Materials:
  - {fileID: 2100000, guid: 9289bef8895d1012dad4c4674416d56c, type: 2}
  m_StaticBatchInfo:
    firstSubMesh: 0
    subMeshCount: 0
  m_StaticBatchRoot: {fileID: 0}
  m_ProbeAnchor: {fileID: 0}
  m_LightProbeVolumeOverride: {fileID: 0}
  m_ScaleInLightmap: 1
  m_ReceiveGI: 1
  m_PreserveUVs: 0
  m_IgnoreNormalsForChartDetection: 0
  m_ImportantGI: 0
  m_StitchLightmapSeams: 1
  m_SelectedEditorRenderState: 3
  m_MinimumChartSize: 4
  m_AutoUVMaxDistance: 0.5
  m_AutoUVMaxAngle: 89
  m_LightmapParameters: {fileID: 0}
  m_SortingLayerID: 0
  m_SortingLayer: 0
  m_SortingOrder: 0
--- !u!135 &2385981305361307639
SphereCollider:
  m_ObjectHideFlags: 0
  m_CorrespondingSourceObject: {fileID: 0}
  m_PrefabInstance: {fileID: 0}
  m_PrefabAsset: {fileID: 0}
  m_GameObject: {fileID: 2385981305361307637}
  m_Material: {fileID: 0}
  m_IsTrigger: 0
  m_Enabled: 1
  serializedVersion: 2
  m_Radius: 0.5
  m_Center: {x: 0, y: 0, z: 0}
--- !u!1 &2385981305727767638
GameObject:
  m_ObjectHideFlags: 0
  m_CorrespondingSourceObject: {fileID: 0}
  m_PrefabInstance: {fileID: 0}
  m_PrefabAsset: {fileID: 0}
  serializedVersion: 6
  m_Component:
  - component: {fileID: 2385981305727767641}
  - component: {fileID: 7845221285897004033}
  - component: {fileID: 4639776118834850368}
  - component: {fileID: 4191147170774220813}
  - component: {fileID: 3855673945485920284}
  - component: {fileID: 551590548228615615}
  - component: {fileID: 4998521176663804441}
  - component: {fileID: 6622543568572318302}
  - component: {fileID: 2385981305727767640}
  - component: {fileID: 2385981305727767645}
  - component: {fileID: 2385981305727767643}
  - component: {fileID: 2385981305727767642}
  - component: {fileID: 2385981305727767646}
  - component: {fileID: -8514295347250998252}
  m_Layer: 8
  m_Name: Zombie
  m_TagString: PlayerUnit
  m_Icon: {fileID: 0}
  m_NavMeshLayer: 0
  m_StaticEditorFlags: 0
  m_IsActive: 1
--- !u!4 &2385981305727767641
Transform:
  m_ObjectHideFlags: 0
  m_CorrespondingSourceObject: {fileID: 0}
  m_PrefabInstance: {fileID: 0}
  m_PrefabAsset: {fileID: 0}
  m_GameObject: {fileID: 2385981305727767638}
  m_LocalRotation: {x: 0, y: 0, z: 0, w: 1}
  m_LocalPosition: {x: -122.8, y: 1, z: -28.3}
  m_LocalScale: {x: 1.3, y: 1.5, z: 1.3}
  m_Children:
  - {fileID: 2385981305361307636}
  m_Father: {fileID: 0}
  m_RootOrder: 0
  m_LocalEulerAnglesHint: {x: 0, y: 0, z: 0}
--- !u!33 &7845221285897004033
MeshFilter:
  m_ObjectHideFlags: 0
  m_CorrespondingSourceObject: {fileID: 0}
  m_PrefabInstance: {fileID: 0}
  m_PrefabAsset: {fileID: 0}
  m_GameObject: {fileID: 2385981305727767638}
  m_Mesh: {fileID: 10208, guid: 0000000000000000e000000000000000, type: 0}
--- !u!23 &4639776118834850368
MeshRenderer:
  m_ObjectHideFlags: 0
  m_CorrespondingSourceObject: {fileID: 0}
  m_PrefabInstance: {fileID: 0}
  m_PrefabAsset: {fileID: 0}
  m_GameObject: {fileID: 2385981305727767638}
  m_Enabled: 0
  m_CastShadows: 1
  m_ReceiveShadows: 1
  m_DynamicOccludee: 1
  m_MotionVectors: 1
  m_LightProbeUsage: 1
  m_ReflectionProbeUsage: 1
  m_RayTracingMode: 2
  m_RenderingLayerMask: 1
  m_RendererPriority: 0
  m_Materials:
  - {fileID: 2100000, guid: 039d97528dc1d746c9c15812d4439ec6, type: 2}
  m_StaticBatchInfo:
    firstSubMesh: 0
    subMeshCount: 0
  m_StaticBatchRoot: {fileID: 0}
  m_ProbeAnchor: {fileID: 0}
  m_LightProbeVolumeOverride: {fileID: 0}
  m_ScaleInLightmap: 1
  m_ReceiveGI: 1
  m_PreserveUVs: 0
  m_IgnoreNormalsForChartDetection: 0
  m_ImportantGI: 0
  m_StitchLightmapSeams: 1
  m_SelectedEditorRenderState: 3
  m_MinimumChartSize: 4
  m_AutoUVMaxDistance: 0.5
  m_AutoUVMaxAngle: 89
  m_LightmapParameters: {fileID: 0}
  m_SortingLayerID: 0
  m_SortingLayer: 0
  m_SortingOrder: 0
--- !u!136 &4191147170774220813
CapsuleCollider:
  m_ObjectHideFlags: 0
  m_CorrespondingSourceObject: {fileID: 0}
  m_PrefabInstance: {fileID: 0}
  m_PrefabAsset: {fileID: 0}
  m_GameObject: {fileID: 2385981305727767638}
  m_Material: {fileID: 0}
  m_IsTrigger: 0
  m_Enabled: 1
  m_Radius: 1
  m_Height: 2
  m_Direction: 1
  m_Center: {x: 0, y: 0, z: 0}
--- !u!195 &3855673945485920284
NavMeshAgent:
  m_ObjectHideFlags: 0
  m_CorrespondingSourceObject: {fileID: 0}
  m_PrefabInstance: {fileID: 0}
  m_PrefabAsset: {fileID: 0}
  m_GameObject: {fileID: 2385981305727767638}
  m_Enabled: 1
  m_AgentTypeID: 0
  m_Radius: 0.5
  m_Speed: 3.5
  m_Acceleration: 30
  avoidancePriority: 50
  m_AngularSpeed: 540
  m_StoppingDistance: 4
  m_AutoTraverseOffMeshLink: 1
  m_AutoBraking: 0
  m_AutoRepath: 1
  m_Height: 2
  m_BaseOffset: 1
  m_WalkableMask: 4294967295
  m_ObstacleAvoidanceType: 4
--- !u!114 &551590548228615615
MonoBehaviour:
  m_ObjectHideFlags: 0
  m_CorrespondingSourceObject: {fileID: 0}
  m_PrefabInstance: {fileID: 0}
  m_PrefabAsset: {fileID: 0}
  m_GameObject: {fileID: 2385981305727767638}
  m_Enabled: 1
  m_EditorHideFlags: 0
  m_Script: {fileID: 11500000, guid: 0aa1d1dd0c584fc8090125a45dc7a8fb, type: 3}
  m_Name: 
  m_EditorClassIdentifier: 
  audioSource: {fileID: 6622543568572318302}
  idleSound:
  - {fileID: 8300000, guid: fe78c3a8dc4ab8c3cb10de22d3a73ba1, type: 3}
  - {fileID: 8300000, guid: 0a693bc91297170d9b66e8bef5d862d4, type: 3}
  - {fileID: 8300000, guid: 99f1226756a5d56a79978087fa08b0af, type: 3}
  - {fileID: 8300000, guid: 62694080cd4098895849f22ae470bba5, type: 3}
  - {fileID: 8300000, guid: de80a7e947e2e61e797a6af0563c7764, type: 3}
  - {fileID: 8300000, guid: 060a69be80e1b97adbb5bf43b3521b0c, type: 3}
  - {fileID: 8300000, guid: e18f04958f2265df4a284e7bfde3845b, type: 3}
  - {fileID: 8300000, guid: b67a82e5dab0fecd1bfc78473cc18424, type: 3}
  - {fileID: 8300000, guid: b758ed471eae2151e9feebf56841d5ed, type: 3}
  - {fileID: 8300000, guid: 9766220d6538b1a6aba0f2665013ee94, type: 3}
  dieSound:
  - {fileID: 8300000, guid: 19b9ce7942e047e4895dc18bfe3c3a2d, type: 3}
  - {fileID: 8300000, guid: 93af0612f15db8fc3ab67619b5e771d5, type: 3}
  - {fileID: 8300000, guid: 2f6f08b70b7f23ae6a7a6a04f4ce5a6a, type: 3}
  - {fileID: 8300000, guid: f09aeead59a4c17a78252f2d2cb1cbb5, type: 3}
  hurtSound:
  - {fileID: 8300000, guid: b6765b4fa83d8b1b09fc891fa68b14a4, type: 3}
  - {fileID: 8300000, guid: 67000951dc5a3c26a8200155a6265d21, type: 3}
  - {fileID: 8300000, guid: 6f343d78c037148fc9c369d26fdc9e49, type: 3}
  - {fileID: 8300000, guid: e60e839865b321a749e98f6e08974ac3, type: 3}
  - {fileID: 8300000, guid: ae5d1d27d6892f999bbbedbbb3db9a4a, type: 3}
  - {fileID: 8300000, guid: 1c25b285958971551b2ea5b1404c3f2f, type: 3}
  - {fileID: 8300000, guid: 1cd3c40f1c6a07914b487f5dae9a849b, type: 3}
  - {fileID: 8300000, guid: 7392b782754c1a4b3942a1dd3e1c1e12, type: 3}
  attackSound:
  - {fileID: 8300000, guid: c6ac099604f94b04d8b8bb3b273137f7, type: 3}
  - {fileID: 8300000, guid: a557f509e86b5f47ebcbd7b10e4d27cf, type: 3}
  soundFrequency: 5
  distance: 0
  ourHealth: {fileID: 0}
  dead: 0
  selected: 0
  distanceDesired: 2.5
  targets: []
  isRogue: 0
  runDist: 15
  archer: 0
  stats: {fileID: 0}
  movePointPrefab: {fileID: 5365271282703503883, guid: 6a8272a778711b8f2b95beff706070c4,
    type: 3}
  willDrain: 1
  attackScript: {fileID: 2385981305727767646}
  archAttackScript: {fileID: 0}
--- !u!114 &4998521176663804441
MonoBehaviour:
  m_ObjectHideFlags: 0
  m_CorrespondingSourceObject: {fileID: 0}
  m_PrefabInstance: {fileID: 0}
  m_PrefabAsset: {fileID: 0}
  m_GameObject: {fileID: 2385981305727767638}
  m_Enabled: 1
  m_EditorHideFlags: 0
  m_Script: {fileID: 11500000, guid: 289fc00afb0b1996ba7610a7de0c41c9, type: 3}
  m_Name: 
  m_EditorClassIdentifier: 
--- !u!82 &6622543568572318302
AudioSource:
  m_ObjectHideFlags: 0
  m_CorrespondingSourceObject: {fileID: 0}
  m_PrefabInstance: {fileID: 0}
  m_PrefabAsset: {fileID: 0}
  m_GameObject: {fileID: 2385981305727767638}
  m_Enabled: 1
  serializedVersion: 4
  OutputAudioMixerGroup: {fileID: 0}
  m_audioClip: {fileID: 0}
  m_PlayOnAwake: 1
  m_Volume: 1
  m_Pitch: 1
  Loop: 0
  Mute: 0
  Spatialize: 0
  SpatializePostEffects: 0
  Priority: 128
  DopplerLevel: 1
  MinDistance: 1
  MaxDistance: 100
  Pan2D: 0
  rolloffMode: 1
  BypassEffects: 0
  BypassListenerEffects: 0
  BypassReverbZones: 0
  rolloffCustomCurve:
    serializedVersion: 2
    m_Curve:
    - serializedVersion: 3
      time: 0
      value: 1
      inSlope: 0
      outSlope: 0
      tangentMode: 0
      weightedMode: 0
      inWeight: 0.33333334
      outWeight: 0.33333334
    - serializedVersion: 3
      time: 1
      value: 0
      inSlope: 0
      outSlope: 0
      tangentMode: 0
      weightedMode: 0
      inWeight: 0.33333334
      outWeight: 0.33333334
    m_PreInfinity: 2
    m_PostInfinity: 2
    m_RotationOrder: 4
  panLevelCustomCurve:
    serializedVersion: 2
    m_Curve:
    - serializedVersion: 3
      time: 0
      value: 1
      inSlope: 0
      outSlope: 0
      tangentMode: 0
      weightedMode: 0
      inWeight: 0.33333334
      outWeight: 0.33333334
    m_PreInfinity: 2
    m_PostInfinity: 2
    m_RotationOrder: 4
  spreadCustomCurve:
    serializedVersion: 2
    m_Curve:
    - serializedVersion: 3
      time: 0
      value: 0
      inSlope: 0
      outSlope: 0
      tangentMode: 0
      weightedMode: 0
      inWeight: 0.33333334
      outWeight: 0.33333334
    m_PreInfinity: 2
    m_PostInfinity: 2
    m_RotationOrder: 4
  reverbZoneMixCustomCurve:
    serializedVersion: 2
    m_Curve:
    - serializedVersion: 3
      time: 0
      value: 1
      inSlope: 0
      outSlope: 0
      tangentMode: 0
      weightedMode: 0
      inWeight: 0.33333334
      outWeight: 0.33333334
    m_PreInfinity: 2
    m_PostInfinity: 2
    m_RotationOrder: 4
--- !u!54 &2385981305727767640
Rigidbody:
  m_ObjectHideFlags: 0
  m_CorrespondingSourceObject: {fileID: 0}
  m_PrefabInstance: {fileID: 0}
  m_PrefabAsset: {fileID: 0}
  m_GameObject: {fileID: 2385981305727767638}
  serializedVersion: 2
  m_Mass: 45
  m_Drag: 45
  m_AngularDrag: 0.05
  m_UseGravity: 1
  m_IsKinematic: 0
  m_Interpolate: 0
  m_Constraints: 112
  m_CollisionDetection: 0
--- !u!135 &2385981305727767645
SphereCollider:
  m_ObjectHideFlags: 0
  m_CorrespondingSourceObject: {fileID: 0}
  m_PrefabInstance: {fileID: 0}
  m_PrefabAsset: {fileID: 0}
  m_GameObject: {fileID: 2385981305727767638}
  m_Material: {fileID: 0}
  m_IsTrigger: 1
  m_Enabled: 1
  serializedVersion: 2
  m_Radius: 10
  m_Center: {x: 0, y: 0, z: 11.5}
--- !u!114 &2385981305727767643
MonoBehaviour:
  m_ObjectHideFlags: 0
  m_CorrespondingSourceObject: {fileID: 0}
  m_PrefabInstance: {fileID: 0}
  m_PrefabAsset: {fileID: 0}
  m_GameObject: {fileID: 2385981305727767638}
  m_Enabled: 1
  m_EditorHideFlags: 0
  m_Script: {fileID: 11500000, guid: bdfa19bfaba3ee986a9ecbddb9b36a0d, type: 3}
  m_Name: 
  m_EditorClassIdentifier: 
  maxHealth: 4
  block: 15
  power: 1
  walkSpeed: 3.5
  runSpeed: 3.5
--- !u!114 &2385981305727767642
MonoBehaviour:
  m_ObjectHideFlags: 0
  m_CorrespondingSourceObject: {fileID: 0}
  m_PrefabInstance: {fileID: 0}
  m_PrefabAsset: {fileID: 0}
  m_GameObject: {fileID: 2385981305727767638}
  m_Enabled: 1
  m_EditorHideFlags: 0
  m_Script: {fileID: 11500000, guid: 564bf5016a4e7d6dd95006bc9d587f78, type: 3}
  m_Name: 
  m_EditorClassIdentifier: 
  currHealth: 0
  armor: 0
  armorBonus: 0
  armorBonusTime: 0
  armorIcon: {fileID: 0}
  armorNegIcon: {fileID: 0}
  spellAnim: {fileID: 0}
  animators:
  - {fileID: 0}
  sprites: []
  pDeathAnim: {fileID: 0}
  artObj: {fileID: 0}
  stats: {fileID: 2385981305727767643}
  painTolerance: 0.5
  permaDeathPoint: -1.5
  lifeMeter: {fileID: 0}
  zombieLifeMeter: {fileID: 0}
  currentLifeMeter: {fileID: 0}
  selectionIcon: {fileID: 0}
  raiseIcon: {fileID: 0}
  banEarthIcon: {fileID: 0}
  selected: 0
  hoverSelect: 0
  hoverRaise: 0
  showLife: 0
  showBanEarthIcon: 0
  navComponent: {fileID: 0}
  audioSource: {fileID: 6622543568572318302}
  blockSound:
  - {fileID: 8300000, guid: f689163806c6683dbba096c00516c763, type: 3}
  - {fileID: 8300000, guid: d81aa86a38da0ae8bb81fda415698a53, type: 3}
  - {fileID: 8300000, guid: 0afddd6cd4eba9d458f603ffc647b5e8, type: 3}
  hitSound:
  - {fileID: 8300000, guid: 40c405e564b49fd15a760f98e6367fc8, type: 3}
  - {fileID: 8300000, guid: 89e2b1056acff6781aa6cad89e4877ab, type: 3}
  - {fileID: 8300000, guid: 1d2119339c253ebc6b4d0f52d6c46a32, type: 3}
  - {fileID: 8300000, guid: 255da189289aeb947a39a4ae72f6e9bf, type: 3}
  alreadyDead: 0
  bloodPrefab: {fileID: 8517341680478349249, guid: 8a0ad64e28438fd37a53ddc5d5134f1f,
    type: 3}
  debugOn: 0
--- !u!114 &2385981305727767646
MonoBehaviour:
  m_ObjectHideFlags: 0
  m_CorrespondingSourceObject: {fileID: 0}
  m_PrefabInstance: {fileID: 0}
  m_PrefabAsset: {fileID: 0}
  m_GameObject: {fileID: 2385981305727767638}
  m_Enabled: 0
  m_EditorHideFlags: 0
  m_Script: {fileID: 11500000, guid: c3c461c747827b66896b08748c31a860, type: 3}
  m_Name: 
  m_EditorClassIdentifier: 
  attackDistance: 2
  damageMax: 2
  damageMin: 1
  animators:
  - {fileID: 0}
  alreadyAttacked: 0
  isThreat: 0
--- !u!65 &-8514295347250998252
BoxCollider:
  m_ObjectHideFlags: 0
  m_CorrespondingSourceObject: {fileID: 0}
  m_PrefabInstance: {fileID: 0}
  m_PrefabAsset: {fileID: 0}
  m_GameObject: {fileID: 2385981305727767638}
  m_Material: {fileID: 0}
  m_IsTrigger: 0
  m_Enabled: 0
  serializedVersion: 2
  m_Size: {x: 1.5, y: 0.1, z: 1.5}
  m_Center: {x: 0, y: -0.9, z: 0}
