%YAML 1.1
%TAG !u! tag:unity3d.com,2011:
--- !u!114 &7024531011476835381
MonoBehaviour:
  m_ObjectHideFlags: 0
  m_CorrespondingSourceObject: {fileID: 0}
  m_PrefabInstance: {fileID: 0}
  m_PrefabAsset: {fileID: 0}
  m_GameObject: {fileID: 1322053252460959889}
  m_Enabled: 1
  m_EditorHideFlags: 0
  m_Script: {fileID: 11500000, guid: d2cb2ca13d11cbfe88c36019ab8c1c68, type: 3}
  m_Name: 
  m_EditorClassIdentifier: 
  canRoll: 0
--- !u!1 &1459234702958998271
GameObject:
  m_ObjectHideFlags: 0
  m_CorrespondingSourceObject: {fileID: 0}
  m_PrefabInstance: {fileID: 0}
  m_PrefabAsset: {fileID: 0}
  serializedVersion: 6
  m_Component:
  - component: {fileID: 8880321162482184274}
  - component: {fileID: 614218168174555918}
  - component: {fileID: 7126160585586862501}
  - component: {fileID: 4127523347970853812}
  m_Layer: 0
  m_Name: Fire
  m_TagString: Fire
  m_Icon: {fileID: 0}
  m_NavMeshLayer: 0
  m_StaticEditorFlags: 0
  m_IsActive: 0
--- !u!4 &8880321162482184274
Transform:
  m_ObjectHideFlags: 0
  m_CorrespondingSourceObject: {fileID: 0}
  m_PrefabInstance: {fileID: 0}
  m_PrefabAsset: {fileID: 0}
  m_GameObject: {fileID: 1459234702958998271}
  m_LocalRotation: {x: -0, y: -0, z: -0, w: 1}
  m_LocalPosition: {x: 0, y: -0.2, z: 0}
  m_LocalScale: {x: 0.3, y: 0.75, z: 0.19999999}
  m_Children: []
  m_Father: {fileID: 1322053252460959918}
  m_RootOrder: 8
  m_LocalEulerAnglesHint: {x: 0, y: 0, z: 0}
--- !u!212 &614218168174555918
SpriteRenderer:
  m_ObjectHideFlags: 0
  m_CorrespondingSourceObject: {fileID: 0}
  m_PrefabInstance: {fileID: 0}
  m_PrefabAsset: {fileID: 0}
  m_GameObject: {fileID: 1459234702958998271}
  m_Enabled: 1
  m_CastShadows: 0
  m_ReceiveShadows: 0
  m_DynamicOccludee: 1
  m_MotionVectors: 1
  m_LightProbeUsage: 1
  m_ReflectionProbeUsage: 1
  m_RayTracingMode: 0
  m_RenderingLayerMask: 1
  m_RendererPriority: 0
  m_Materials:
  - {fileID: 10754, guid: 0000000000000000f000000000000000, type: 0}
  m_StaticBatchInfo:
    firstSubMesh: 0
    subMeshCount: 0
  m_StaticBatchRoot: {fileID: 0}
  m_ProbeAnchor: {fileID: 0}
  m_LightProbeVolumeOverride: {fileID: 0}
  m_ScaleInLightmap: 1
  m_ReceiveGI: 1
  m_PreserveUVs: 0
  m_IgnoreNormalsForChartDetection: 0
  m_ImportantGI: 0
  m_StitchLightmapSeams: 1
  m_SelectedEditorRenderState: 0
  m_MinimumChartSize: 4
  m_AutoUVMaxDistance: 0.5
  m_AutoUVMaxAngle: 89
  m_LightmapParameters: {fileID: 0}
  m_SortingLayerID: 0
  m_SortingLayer: 0
  m_SortingOrder: 3
  m_Sprite: {fileID: 8334651344603559088, guid: ced3005a7f33e320fa73864bc3799790,
    type: 3}
  m_Color: {r: 1, g: 1, b: 1, a: 1}
  m_FlipX: 0
  m_FlipY: 0
  m_DrawMode: 0
  m_Size: {x: 0.82, y: 0.82}
  m_AdaptiveModeThreshold: 0.5
  m_SpriteTileMode: 0
  m_WasSpriteAssigned: 1
  m_MaskInteraction: 0
  m_SpriteSortPoint: 0
--- !u!95 &7126160585586862501
Animator:
  serializedVersion: 3
  m_ObjectHideFlags: 0
  m_CorrespondingSourceObject: {fileID: 0}
  m_PrefabInstance: {fileID: 0}
  m_PrefabAsset: {fileID: 0}
  m_GameObject: {fileID: 1459234702958998271}
  m_Enabled: 1
  m_Avatar: {fileID: 0}
  m_Controller: {fileID: 9100000, guid: d54c692ea91d275f9b50b7fda12925aa, type: 2}
  m_CullingMode: 0
  m_UpdateMode: 0
  m_ApplyRootMotion: 0
  m_LinearVelocityBlending: 0
  m_WarningMessage: 
  m_HasTransformHierarchy: 1
  m_AllowConstantClipSamplingOptimization: 1
  m_KeepAnimatorControllerStateOnDisable: 0
--- !u!135 &4127523347970853812
SphereCollider:
  m_ObjectHideFlags: 0
  m_CorrespondingSourceObject: {fileID: 0}
  m_PrefabInstance: {fileID: 0}
  m_PrefabAsset: {fileID: 0}
  m_GameObject: {fileID: 1459234702958998271}
  m_Material: {fileID: 0}
  m_IsTrigger: 1
  m_Enabled: 1
  serializedVersion: 2
  m_Radius: 0.1
  m_Center: {x: 0, y: 0.2, z: 0}
--- !u!1 &7688290635521194544
GameObject:
  m_ObjectHideFlags: 0
  m_CorrespondingSourceObject: {fileID: 0}
  m_PrefabInstance: {fileID: 0}
  m_PrefabAsset: {fileID: 0}
  serializedVersion: 6
  m_Component:
  - component: {fileID: 7688290635521194532}
  - component: {fileID: 7688290635521194555}
  - component: {fileID: 7688290635521194554}
  - component: {fileID: 7688290635521194553}
  - component: {fileID: 8059796100076188512}
  - component: {fileID: 7688290635521194552}
  - component: {fileID: 7688290635521194559}
  - component: {fileID: 7688290635521194558}
  - component: {fileID: 7688290635521194557}
  - component: {fileID: 7688290635521194556}
  - component: {fileID: 7688290635521194547}
  - component: {fileID: 7688290635521194545}
  - component: {fileID: 7688290635521194533}
  - component: {fileID: 7688290635521194534}
  - component: {fileID: 3141370514836658401}
  - component: {fileID: 9051687366814884166}
  - component: {fileID: 542932981478899587}
  - component: {fileID: 3429498732941610913}
  - component: {fileID: 971908974313662259}
  - component: {fileID: 5456367388627475010}
  - component: {fileID: 6552193378560705936}
  - component: {fileID: 7816772387086500076}
  - component: {fileID: 4453416038789496150}
  m_Layer: 8
  m_Name: NPCwFireBow
  m_TagString: PlayerUnit
  m_Icon: {fileID: 0}
  m_NavMeshLayer: 0
  m_StaticEditorFlags: 0
  m_IsActive: 1
--- !u!4 &7688290635521194532
Transform:
  m_ObjectHideFlags: 0
  m_CorrespondingSourceObject: {fileID: 0}
  m_PrefabInstance: {fileID: 0}
  m_PrefabAsset: {fileID: 0}
  m_GameObject: {fileID: 7688290635521194544}
  m_LocalRotation: {x: 0, y: 0, z: 0, w: 1}
  m_LocalPosition: {x: -215.6747, y: -0, z: 29.2}
  m_LocalScale: {x: 1.3, y: 1.5, z: 1.3}
  m_Children:
  - {fileID: 8166501204193733863}
  - {fileID: 3075827855142206400}
  - {fileID: 4017304648901291402}
  - {fileID: 5524036449575616991}
  - {fileID: 1555771352460703093}
  - {fileID: 1322053252460959918}
  - {fileID: 3626487103932676316}
  m_Father: {fileID: 0}
  m_RootOrder: 0
  m_LocalEulerAnglesHint: {x: 0, y: 0, z: 0}
--- !u!33 &7688290635521194555
MeshFilter:
  m_ObjectHideFlags: 0
  m_CorrespondingSourceObject: {fileID: 0}
  m_PrefabInstance: {fileID: 0}
  m_PrefabAsset: {fileID: 0}
  m_GameObject: {fileID: 7688290635521194544}
  m_Mesh: {fileID: 10208, guid: 0000000000000000e000000000000000, type: 0}
--- !u!23 &7688290635521194554
MeshRenderer:
  m_ObjectHideFlags: 0
  m_CorrespondingSourceObject: {fileID: 0}
  m_PrefabInstance: {fileID: 0}
  m_PrefabAsset: {fileID: 0}
  m_GameObject: {fileID: 7688290635521194544}
  m_Enabled: 0
  m_CastShadows: 1
  m_ReceiveShadows: 1
  m_DynamicOccludee: 1
  m_MotionVectors: 1
  m_LightProbeUsage: 1
  m_ReflectionProbeUsage: 1
  m_RayTracingMode: 2
  m_RenderingLayerMask: 1
  m_RendererPriority: 0
  m_Materials:
  - {fileID: 10303, guid: 0000000000000000f000000000000000, type: 0}
  m_StaticBatchInfo:
    firstSubMesh: 0
    subMeshCount: 0
  m_StaticBatchRoot: {fileID: 0}
  m_ProbeAnchor: {fileID: 0}
  m_LightProbeVolumeOverride: {fileID: 0}
  m_ScaleInLightmap: 1
  m_ReceiveGI: 1
  m_PreserveUVs: 0
  m_IgnoreNormalsForChartDetection: 0
  m_ImportantGI: 0
  m_StitchLightmapSeams: 1
  m_SelectedEditorRenderState: 3
  m_MinimumChartSize: 4
  m_AutoUVMaxDistance: 0.5
  m_AutoUVMaxAngle: 89
  m_LightmapParameters: {fileID: 0}
  m_SortingLayerID: 0
  m_SortingLayer: 0
  m_SortingOrder: 0
--- !u!136 &7688290635521194553
CapsuleCollider:
  m_ObjectHideFlags: 0
  m_CorrespondingSourceObject: {fileID: 0}
  m_PrefabInstance: {fileID: 0}
  m_PrefabAsset: {fileID: 0}
  m_GameObject: {fileID: 7688290635521194544}
  m_Material: {fileID: 0}
  m_IsTrigger: 0
  m_Enabled: 1
  m_Radius: 0.3
  m_Height: 2
  m_Direction: 1
  m_Center: {x: 0, y: 0, z: 0}
--- !u!65 &8059796100076188512
BoxCollider:
  m_ObjectHideFlags: 0
  m_CorrespondingSourceObject: {fileID: 0}
  m_PrefabInstance: {fileID: 0}
  m_PrefabAsset: {fileID: 0}
  m_GameObject: {fileID: 7688290635521194544}
  m_Material: {fileID: 0}
  m_IsTrigger: 0
  m_Enabled: 1
  serializedVersion: 2
  m_Size: {x: 1.5, y: 0.001, z: 1.5}
  m_Center: {x: 0, y: -0.999, z: 0}
--- !u!54 &7688290635521194552
Rigidbody:
  m_ObjectHideFlags: 0
  m_CorrespondingSourceObject: {fileID: 0}
  m_PrefabInstance: {fileID: 0}
  m_PrefabAsset: {fileID: 0}
  m_GameObject: {fileID: 7688290635521194544}
  serializedVersion: 2
  m_Mass: 70
  m_Drag: 20
  m_AngularDrag: 0.05
  m_UseGravity: 0
  m_IsKinematic: 0
  m_Interpolate: 0
  m_Constraints: 116
  m_CollisionDetection: 3
--- !u!114 &7688290635521194559
MonoBehaviour:
  m_ObjectHideFlags: 0
  m_CorrespondingSourceObject: {fileID: 0}
  m_PrefabInstance: {fileID: 0}
  m_PrefabAsset: {fileID: 0}
  m_GameObject: {fileID: 7688290635521194544}
  m_Enabled: 1
  m_EditorHideFlags: 0
  m_Script: {fileID: 11500000, guid: bdfa19bfaba3ee986a9ecbddb9b36a0d, type: 3}
  m_Name: 
  m_EditorClassIdentifier: 
  maxHealth: 2
  block: 15
  power: 10
  walkSpeed: 2.5
  runSpeed: 5
  origRunSpeed: 0
  origWalkSpeed: 0
--- !u!114 &7688290635521194558
MonoBehaviour:
  m_ObjectHideFlags: 0
  m_CorrespondingSourceObject: {fileID: 0}
  m_PrefabInstance: {fileID: 0}
  m_PrefabAsset: {fileID: 0}
  m_GameObject: {fileID: 7688290635521194544}
  m_Enabled: 1
  m_EditorHideFlags: 0
  m_Script: {fileID: 11500000, guid: 564bf5016a4e7d6dd95006bc9d587f78, type: 3}
  m_Name: 
  m_EditorClassIdentifier: 
  currHealth: 2
  armor: 0
  armorBonus: 0
  armorBonusTime: 0
  armorIcon: {fileID: 0}
  armorNegIcon: {fileID: 0}
  spellAnim: {fileID: 0}
  playerMovement: {fileID: 0}
  playerManager: {fileID: 0}
  zombie: {fileID: 0}
  attack: {fileID: 0}
  npc1: {fileID: 0}
  wolf: {fileID: 0}
  archerAttack: {fileID: 0}
  npcSounds: {fileID: 0}
  npcTargets: {fileID: 0}
  wolfTargets: {fileID: 0}
  animators:
  - {fileID: 1322053251952171707}
  - {fileID: 1322053252204999982}
  - {fileID: 1322053251669734698}
  pDeathAnim: {fileID: 8507449584516156875}
  artObj: {fileID: 1322053252460959889}
  stats: {fileID: 7688290635521194559}
  painTolerance: 0.5
  permaDeathPoint: -2.5
  lifeMeter: {fileID: 4323598703064067103}
  zombieLifeMeter: {fileID: 8027900223281849047}
  currentLifeMeter: {fileID: 8027900223281849047}
  selectionIcon: {fileID: 1322053251564340274}
  raiseIcon: {fileID: 1322053251698572189}
  selected: 0
  hoverSelect: 0
  hoverRaise: 0
  showLife: 0
  showBanEarthIcon: 0
  navComponent: {fileID: 7688290635521194547}
  audioSource: {fileID: 7688290635521194534}
  blockSound:
  - {fileID: 8300000, guid: f689163806c6683dbba096c00516c763, type: 3}
  - {fileID: 8300000, guid: d81aa86a38da0ae8bb81fda415698a53, type: 3}
  - {fileID: 8300000, guid: 0afddd6cd4eba9d458f603ffc647b5e8, type: 3}
  hitSound:
  - {fileID: 8300000, guid: 40c405e564b49fd15a760f98e6367fc8, type: 3}
  - {fileID: 8300000, guid: 89e2b1056acff6781aa6cad89e4877ab, type: 3}
  - {fileID: 8300000, guid: 1d2119339c253ebc6b4d0f52d6c46a32, type: 3}
  - {fileID: 8300000, guid: 255da189289aeb947a39a4ae72f6e9bf, type: 3}
  alreadyDead: 0
  bloodPrefab: {fileID: 8517341680478349249, guid: 8a0ad64e28438fd37a53ddc5d5134f1f,
    type: 3}
  dirtPile: {fileID: 0}
  isArcher: 0
  capCol: {fileID: 7688290635521194553}
  boxCol: {fileID: 8059796100076188512}
  sphereCol: {fileID: 7688290635521194557}
  decay: 0
  decayTime: 30
  renderers:
  - {fileID: 1322053251952171706}
  - {fileID: 1322053252204999953}
  - {fileID: 1322053251669734697}
  - {fileID: 3430093835573167102}
  invScript: {fileID: 0}
  debugOn: 0
--- !u!135 &7688290635521194557
SphereCollider:
  m_ObjectHideFlags: 0
  m_CorrespondingSourceObject: {fileID: 0}
  m_PrefabInstance: {fileID: 0}
  m_PrefabAsset: {fileID: 0}
  m_GameObject: {fileID: 7688290635521194544}
  m_Material: {fileID: 0}
  m_IsTrigger: 1
  m_Enabled: 1
  serializedVersion: 2
  m_Radius: 15
  m_Center: {x: 0, y: 0, z: 17}
--- !u!114 &7688290635521194556
MonoBehaviour:
  m_ObjectHideFlags: 0
  m_CorrespondingSourceObject: {fileID: 0}
  m_PrefabInstance: {fileID: 0}
  m_PrefabAsset: {fileID: 0}
  m_GameObject: {fileID: 7688290635521194544}
  m_Enabled: 1
  m_EditorHideFlags: 0
  m_Script: {fileID: 11500000, guid: c3c461c747827b66896b08748c31a860, type: 3}
  m_Name: 
  m_EditorClassIdentifier: 
  attackDistance: 3.5
  damageMax: 2
  damageMin: 1
  animators:
  - {fileID: 1322053251952171707}
  - {fileID: 1322053252204999982}
  - {fileID: 1322053251669734698}
  alreadyAttacked: 0
  isThreat: 0
  isRogue: 0
  angry: 0
  rigidbody: {fileID: 0}
  werewolf: 0
  npcSounds: {fileID: 0}
  wolfFighting: {fileID: 0}
  debugOn: 0
  feedBackScript: {fileID: 0}
--- !u!195 &7688290635521194547
NavMeshAgent:
  m_ObjectHideFlags: 0
  m_CorrespondingSourceObject: {fileID: 0}
  m_PrefabInstance: {fileID: 0}
  m_PrefabAsset: {fileID: 0}
  m_GameObject: {fileID: 7688290635521194544}
  m_Enabled: 1
  m_AgentTypeID: 0
  m_Radius: 0.5
  m_Speed: 5
  m_Acceleration: 15
  avoidancePriority: 50
  m_AngularSpeed: 180
  m_StoppingDistance: 3
  m_AutoTraverseOffMeshLink: 1
  m_AutoBraking: 1
  m_AutoRepath: 1
  m_Height: 2
  m_BaseOffset: 1
  m_WalkableMask: 4294967295
  m_ObstacleAvoidanceType: 4
--- !u!114 &7688290635521194545
MonoBehaviour:
  m_ObjectHideFlags: 0
  m_CorrespondingSourceObject: {fileID: 0}
  m_PrefabInstance: {fileID: 0}
  m_PrefabAsset: {fileID: 0}
  m_GameObject: {fileID: 7688290635521194544}
  m_Enabled: 1
  m_EditorHideFlags: 0
  m_Script: {fileID: 11500000, guid: 0aa1d1dd0c584fc8090125a45dc7a8fb, type: 3}
  m_Name: 
  m_EditorClassIdentifier: 
  audioSource: {fileID: 7688290635521194534}
  idleSound:
  - {fileID: 8300000, guid: fe78c3a8dc4ab8c3cb10de22d3a73ba1, type: 3}
  - {fileID: 8300000, guid: 0a693bc91297170d9b66e8bef5d862d4, type: 3}
  - {fileID: 8300000, guid: 99f1226756a5d56a79978087fa08b0af, type: 3}
  - {fileID: 8300000, guid: 62694080cd4098895849f22ae470bba5, type: 3}
  - {fileID: 8300000, guid: de80a7e947e2e61e797a6af0563c7764, type: 3}
  - {fileID: 8300000, guid: 060a69be80e1b97adbb5bf43b3521b0c, type: 3}
  - {fileID: 8300000, guid: e18f04958f2265df4a284e7bfde3845b, type: 3}
  - {fileID: 8300000, guid: b67a82e5dab0fecd1bfc78473cc18424, type: 3}
  - {fileID: 8300000, guid: b758ed471eae2151e9feebf56841d5ed, type: 3}
  - {fileID: 8300000, guid: 9766220d6538b1a6aba0f2665013ee94, type: 3}
  dieSound:
  - {fileID: 8300000, guid: 19b9ce7942e047e4895dc18bfe3c3a2d, type: 3}
  - {fileID: 8300000, guid: 93af0612f15db8fc3ab67619b5e771d5, type: 3}
  - {fileID: 8300000, guid: 2f6f08b70b7f23ae6a7a6a04f4ce5a6a, type: 3}
  - {fileID: 8300000, guid: f09aeead59a4c17a78252f2d2cb1cbb5, type: 3}
  hurtSound:
  - {fileID: 8300000, guid: b6765b4fa83d8b1b09fc891fa68b14a4, type: 3}
  - {fileID: 8300000, guid: 67000951dc5a3c26a8200155a6265d21, type: 3}
  - {fileID: 8300000, guid: 6f343d78c037148fc9c369d26fdc9e49, type: 3}
  - {fileID: 8300000, guid: e60e839865b321a749e98f6e08974ac3, type: 3}
  - {fileID: 8300000, guid: ae5d1d27d6892f999bbbedbbb3db9a4a, type: 3}
  - {fileID: 8300000, guid: 1c25b285958971551b2ea5b1404c3f2f, type: 3}
  - {fileID: 8300000, guid: 1cd3c40f1c6a07914b487f5dae9a849b, type: 3}
  - {fileID: 8300000, guid: 7392b782754c1a4b3942a1dd3e1c1e12, type: 3}
  attackSound:
  - {fileID: 8300000, guid: c6ac099604f94b04d8b8bb3b273137f7, type: 3}
  - {fileID: 8300000, guid: a557f509e86b5f47ebcbd7b10e4d27cf, type: 3}
  soundFrequency: 5
  idleTimer: 0
  distance: 0
  distanceDesired: 2.5
  ourHealth: {fileID: 7688290635521194558}
  dead: 0
  selected: 0
  targets: []
  isRogue: 0
  timeToRogue: 10
  timer: 0
  canRogue: 0
  runDist: 15
  archer: 0
  stats: {fileID: 7688290635521194559}
  navComponent: {fileID: 7688290635521194547}
  movePointPrefab: {fileID: 5365271282703503883, guid: 6a8272a778711b8f2b95beff706070c4,
    type: 3}
  willDrain: 2
  attackScript: {fileID: 7688290635521194556}
  archAttackScript: {fileID: 7688290635521194533}
  fightScript: {fileID: 0}
  maxDistance: 0
  meleeDistance: 0
  vision: {fileID: 0}
  debugOn: 0
--- !u!114 &7688290635521194533
MonoBehaviour:
  m_ObjectHideFlags: 0
  m_CorrespondingSourceObject: {fileID: 0}
  m_PrefabInstance: {fileID: 0}
  m_PrefabAsset: {fileID: 0}
  m_GameObject: {fileID: 7688290635521194544}
  m_Enabled: 1
  m_EditorHideFlags: 0
  m_Script: {fileID: 11500000, guid: b52045a539dbb65b487487de03ae7825, type: 3}
  m_Name: 
  m_EditorClassIdentifier: 
  shootDistance: 50
  animators:
  - {fileID: 1322053251952171707}
  - {fileID: 1322053252204999982}
  - {fileID: 1322053251669734698}
  zombScript: {fileID: 7688290635521194545}
  arrowPrefab: {fileID: 8775122403749114231, guid: 6edd3d8ee9e6fa39d9a87d1b053cc65b,
    type: 3}
  arrowSpeed: 50
  pitchAdjustment: 0
  accuracy: 0.03
  isThreat: 0
  targets: {fileID: 6552193378560705936}
  audioSource: {fileID: 0}
  drawSound: {fileID: 0}
  fireSound: {fileID: 0}
  fireRoot: {fileID: 0}
  debugOn: 0
  windScript: {fileID: 0}
--- !u!82 &7688290635521194534
AudioSource:
  m_ObjectHideFlags: 0
  m_CorrespondingSourceObject: {fileID: 0}
  m_PrefabInstance: {fileID: 0}
  m_PrefabAsset: {fileID: 0}
  m_GameObject: {fileID: 7688290635521194544}
  m_Enabled: 1
  serializedVersion: 4
  OutputAudioMixerGroup: {fileID: 0}
  m_audioClip: {fileID: 0}
  m_PlayOnAwake: 1
  m_Volume: 0.5
  m_Pitch: 1
  Loop: 0
  Mute: 0
  Spatialize: 0
  SpatializePostEffects: 0
  Priority: 128
  DopplerLevel: 1
  MinDistance: 1
  MaxDistance: 75
  Pan2D: 0
  rolloffMode: 1
  BypassEffects: 0
  BypassListenerEffects: 0
  BypassReverbZones: 0
  rolloffCustomCurve:
    serializedVersion: 2
    m_Curve:
    - serializedVersion: 3
      time: 0
      value: 1
      inSlope: 0
      outSlope: 0
      tangentMode: 0
      weightedMode: 0
      inWeight: 0.33333334
      outWeight: 0.33333334
    - serializedVersion: 3
      time: 1
      value: 0
      inSlope: 0
      outSlope: 0
      tangentMode: 0
      weightedMode: 0
      inWeight: 0.33333334
      outWeight: 0.33333334
    m_PreInfinity: 2
    m_PostInfinity: 2
    m_RotationOrder: 4
  panLevelCustomCurve:
    serializedVersion: 2
    m_Curve:
    - serializedVersion: 3
      time: 0
      value: 1
      inSlope: 0
      outSlope: 0
      tangentMode: 0
      weightedMode: 0
      inWeight: 0.33333334
      outWeight: 0.33333334
    m_PreInfinity: 2
    m_PostInfinity: 2
    m_RotationOrder: 4
  spreadCustomCurve:
    serializedVersion: 2
    m_Curve:
    - serializedVersion: 3
      time: 0
      value: 0
      inSlope: 0
      outSlope: 0
      tangentMode: 0
      weightedMode: 0
      inWeight: 0.33333334
      outWeight: 0.33333334
    m_PreInfinity: 2
    m_PostInfinity: 2
    m_RotationOrder: 4
  reverbZoneMixCustomCurve:
    serializedVersion: 2
    m_Curve:
    - serializedVersion: 3
      time: 0
      value: 1
      inSlope: 0
      outSlope: 0
      tangentMode: 0
      weightedMode: 0
      inWeight: 0.33333334
      outWeight: 0.33333334
    m_PreInfinity: 2
    m_PostInfinity: 2
    m_RotationOrder: 4
--- !u!114 &3141370514836658401
MonoBehaviour:
  m_ObjectHideFlags: 0
  m_CorrespondingSourceObject: {fileID: 0}
  m_PrefabInstance: {fileID: 0}
  m_PrefabAsset: {fileID: 0}
  m_GameObject: {fileID: 7688290635521194544}
  m_Enabled: 0
  m_EditorHideFlags: 0
  m_Script: {fileID: 11500000, guid: cf61a43b64ff01edbabb505435016cd1, type: 3}
  m_Name: 
  m_EditorClassIdentifier: 
  ourHealth: {fileID: 7688290635521194558}
  targets: {fileID: 6552193378560705936}
  fight: {fileID: 9051687366814884166}
  search: {fileID: 971908974313662259}
  patrol: {fileID: 542932981478899587}
  retreat: {fileID: 3429498732941610913}
  avoidFire: {fileID: 7816772387086500076}
  charFire: {fileID: 5081790486237434449}
  stats: {fileID: 7688290635521194559}
  navComponent: {fileID: 7688290635521194547}
  playerStat: {fileID: 0}
  dontSearch: 0
  debugOn: 0
--- !u!114 &9051687366814884166
MonoBehaviour:
  m_ObjectHideFlags: 0
  m_CorrespondingSourceObject: {fileID: 0}
  m_PrefabInstance: {fileID: 0}
  m_PrefabAsset: {fileID: 0}
  m_GameObject: {fileID: 7688290635521194544}
  m_Enabled: 1
  m_EditorHideFlags: 0
  m_Script: {fileID: 11500000, guid: 820e3659d0f6b6c0b8198764abc0a880, type: 3}
  m_Name: 
  m_EditorClassIdentifier: 
  targets: {fileID: 6552193378560705936}
  navComponent: {fileID: 7688290635521194547}
  attackScript: {fileID: 7688290635521194556}
  npcSound: {fileID: 5456367388627475010}
  stats: {fileID: 7688290635521194559}
  npcSearch: {fileID: 971908974313662259}
  minDistance: 15
  maxDistance: 30
  meleeDistance: 2
  holdGround: 0
  debugOn: 0
  runDist: 0
--- !u!114 &542932981478899587
MonoBehaviour:
  m_ObjectHideFlags: 0
  m_CorrespondingSourceObject: {fileID: 0}
  m_PrefabInstance: {fileID: 0}
  m_PrefabAsset: {fileID: 0}
  m_GameObject: {fileID: 7688290635521194544}
  m_Enabled: 0
  m_EditorHideFlags: 0
  m_Script: {fileID: 11500000, guid: 40ed4596833470126a7c92d1568e11cb, type: 3}
  m_Name: 
  m_EditorClassIdentifier: 
  standStill: 0
  oneTimePatrol: 0
  randomPatrol: 0
  distDesired: 3
  followOther: {fileID: 0}
  followDist: 1
  runDist: 5
  currentDist: 0
  followLeft: 0
  otherHealth: {fileID: 0}
  otherPatrol: {fileID: 0}
  patrolPoints: []
  maxWait: 1
  minWait: 0
  wanderDist: 10
  navComponent: {fileID: 7688290635521194547}
  patrol: 0
--- !u!114 &3429498732941610913
MonoBehaviour:
  m_ObjectHideFlags: 0
  m_CorrespondingSourceObject: {fileID: 0}
  m_PrefabInstance: {fileID: 0}
  m_PrefabAsset: {fileID: 0}
  m_GameObject: {fileID: 7688290635521194544}
  m_Enabled: 0
  m_EditorHideFlags: 0
  m_Script: {fileID: 11500000, guid: 628d42317b076d370b5ccf75abb55dca, type: 3}
  m_Name: 
  m_EditorClassIdentifier: 
  ourHealth: {fileID: 7688290635521194558}
  patrol: {fileID: 542932981478899587}
  targets: {fileID: 6552193378560705936}
  stats: {fileID: 7688290635521194559}
  navComponent: {fileID: 7688290635521194547}
  homeBases: []
  running: 0
  runDist: 0
  powerNeeded: 0
  debugOn: 0
  distDesired: 3
--- !u!114 &971908974313662259
MonoBehaviour:
  m_ObjectHideFlags: 0
  m_CorrespondingSourceObject: {fileID: 0}
  m_PrefabInstance: {fileID: 0}
  m_PrefabAsset: {fileID: 0}
  m_GameObject: {fileID: 7688290635521194544}
  m_Enabled: 0
  m_EditorHideFlags: 0
  m_Script: {fileID: 11500000, guid: b87d2fc5e032e8d849c3bc157819538f, type: 3}
  m_Name: 
  m_EditorClassIdentifier: 
  targets: {fileID: 6552193378560705936}
  navComponent: {fileID: 7688290635521194547}
  npcSound: {fileID: 5456367388627475010}
  timer: 0
  maxSearchTime: 10
  searchTime: 0
  distDesired: 0
  maxSearchRadius: 15
  searchRadius: 0
  debugOn: 0
--- !u!114 &5456367388627475010
MonoBehaviour:
  m_ObjectHideFlags: 0
  m_CorrespondingSourceObject: {fileID: 0}
  m_PrefabInstance: {fileID: 0}
  m_PrefabAsset: {fileID: 0}
  m_GameObject: {fileID: 7688290635521194544}
  m_Enabled: 1
  m_EditorHideFlags: 0
  m_Script: {fileID: 11500000, guid: 09e47ba7474d4a17f81d0c5296e39c11, type: 3}
  m_Name: 
  m_EditorClassIdentifier: 
  audioSource: {fileID: 7688290635521194534}
  zombieSpotted:
  - {fileID: 8300000, guid: 7ec2c3167bbf2a33aaa35baa66c0d55d, type: 3}
  - {fileID: 8300000, guid: 66d5f410583e12c6688a2b5253f9b051, type: 3}
  - {fileID: 8300000, guid: 22bf809df9b954d659bee6ea95d96ca5, type: 3}
  necroSpotted:
  - {fileID: 8300000, guid: bbf98db845e49692385eb6870dc505e8, type: 3}
  - {fileID: 8300000, guid: f2d5dc99775082d2b944efbbf324892f, type: 3}
  - {fileID: 8300000, guid: f9454de6b0faa8d04a4c8cdbf961374f, type: 3}
  - {fileID: 8300000, guid: 90954f1be12796ff7bd238ade7fc72ac, type: 3}
  - {fileID: 8300000, guid: e3956855a7f6dd1718d68b27c416bbf4, type: 3}
  - {fileID: 8300000, guid: c2e83982bf29fa2ba833cc30eb389e79, type: 3}
  - {fileID: 8300000, guid: 18d9fb3274be94de785cb7f852354545, type: 3}
  runAndYell:
  - {fileID: 8300000, guid: 6ef2a31cb72c242ad8c622585e618998, type: 3}
  - {fileID: 8300000, guid: 224dfc837c6d5606b87d77b941decd7f, type: 3}
  hurtSound:
  - {fileID: 8300000, guid: cd30a08c067177ae0a941c39ee4c0b9f, type: 3}
  attackSound:
  - {fileID: 8300000, guid: 4d48a233c6c803330ab988d3c32dd259, type: 3}
  - {fileID: 8300000, guid: 968e642f1a942a54eab8a8c31320dc7c, type: 3}
  - {fileID: 8300000, guid: 10fbd0200a115b553873a0d395669729, type: 3}
  - {fileID: 8300000, guid: 0a633edfda00620058f9afc6da778e53, type: 3}
  - {fileID: 8300000, guid: 6811a51d8604941e3bfe5f95fbea6df2, type: 3}
  - {fileID: 8300000, guid: 2ec510e2a4310e582b8fa93782303a9e, type: 3}
  - {fileID: 8300000, guid: 2b4b16dc7149e984e9aa56ce93e4e2d1, type: 3}
  - {fileID: 8300000, guid: a0daa2dd494a8a165a1ca50a19c0a6fc, type: 3}
  - {fileID: 8300000, guid: b8aa0a74fea2803628c9d2512f41cba8, type: 3}
  burningSound: []
  dyingSound: []
  soundFrequency: 0
  burningPlaying: 0
--- !u!114 &6552193378560705936
MonoBehaviour:
  m_ObjectHideFlags: 0
  m_CorrespondingSourceObject: {fileID: 0}
  m_PrefabInstance: {fileID: 0}
  m_PrefabAsset: {fileID: 0}
  m_GameObject: {fileID: 7688290635521194544}
  m_Enabled: 0
  m_EditorHideFlags: 0
  m_Script: {fileID: 11500000, guid: 685dd5969d40ae1db9635a57894a7b3a, type: 3}
  m_Name: 
  m_EditorClassIdentifier: 
  targets:
  - {fileID: 8166501204193733880}
  - {fileID: 3075827855142206431}
  - {fileID: 4017304648901291413}
  - {fileID: 5524036449575616960}
  - {fileID: 1555771352460703082}
  isThreat: 1
  closestEntry: 0
  closestDistance: 0
  tellTime: 1
  ignoreTime: 5
  npcSound: {fileID: 5456367388627475010}
  attackScript: {fileID: 7688290635521194556}
  archerAttackScript: {fileID: 7688290635521194533}
  afraidOfFire: 0
  distToKeepFromFire: 20
  fireAlert: 0
  fireLocation: {x: 0, y: 0, z: 0}
  fireRunDist: 5
  ladders: []
  suspectLadder: {fileID: 0}
  returnLadder: {fileID: 0}
  debugOn: 0
--- !u!114 &7816772387086500076
MonoBehaviour:
  m_ObjectHideFlags: 0
  m_CorrespondingSourceObject: {fileID: 0}
  m_PrefabInstance: {fileID: 0}
  m_PrefabAsset: {fileID: 0}
  m_GameObject: {fileID: 7688290635521194544}
  m_Enabled: 1
  m_EditorHideFlags: 0
  m_Script: {fileID: 11500000, guid: db184ec120b9277a5b0cc613edf6d478, type: 3}
  m_Name: 
  m_EditorClassIdentifier: 
  navComponent: {fileID: 7688290635521194547}
  debugOn: 0
--- !u!114 &4453416038789496150
MonoBehaviour:
  m_ObjectHideFlags: 0
  m_CorrespondingSourceObject: {fileID: 0}
  m_PrefabInstance: {fileID: 0}
  m_PrefabAsset: {fileID: 0}
  m_GameObject: {fileID: 7688290635521194544}
  m_Enabled: 1
  m_EditorHideFlags: 0
  m_Script: {fileID: 11500000, guid: 89d6e8ae90e4d835dafa5c3ef2e7fba7, type: 3}
  m_Name: 
  m_EditorClassIdentifier: 
  windScript: {fileID: 0}
  rb: {fileID: 7688290635521194552}
  ourHealth: {fileID: 7688290635521194558}
  amount: 0.05
--- !u!1 &7856298438407787576
GameObject:
  m_ObjectHideFlags: 0
  m_CorrespondingSourceObject: {fileID: 0}
  m_PrefabInstance: {fileID: 0}
  m_PrefabAsset: {fileID: 0}
  serializedVersion: 6
  m_Component:
  - component: {fileID: 3626487103932676316}
  - component: {fileID: 5209573786676835236}
  - component: {fileID: 5081790486237434449}
  m_Layer: 8
  m_Name: FireDetector
  m_TagString: Untagged
  m_Icon: {fileID: 0}
  m_NavMeshLayer: 0
  m_StaticEditorFlags: 0
  m_IsActive: 1
--- !u!4 &3626487103932676316
Transform:
  m_ObjectHideFlags: 0
  m_CorrespondingSourceObject: {fileID: 0}
  m_PrefabInstance: {fileID: 0}
  m_PrefabAsset: {fileID: 0}
  m_GameObject: {fileID: 7856298438407787576}
  m_LocalRotation: {x: -0, y: -0, z: -0, w: 1}
  m_LocalPosition: {x: 0, y: 1, z: 0}
  m_LocalScale: {x: 1, y: 1, z: 1}
  m_Children: []
  m_Father: {fileID: 7688290635521194532}
  m_RootOrder: 6
  m_LocalEulerAnglesHint: {x: 0, y: 0, z: 0}
--- !u!136 &5209573786676835236
CapsuleCollider:
  m_ObjectHideFlags: 0
  m_CorrespondingSourceObject: {fileID: 0}
  m_PrefabInstance: {fileID: 0}
  m_PrefabAsset: {fileID: 0}
  m_GameObject: {fileID: 7856298438407787576}
  m_Material: {fileID: 0}
  m_IsTrigger: 1
  m_Enabled: 1
  m_Radius: 1
  m_Height: 1
  m_Direction: 1
  m_Center: {x: 0, y: 0, z: 0}
--- !u!114 &5081790486237434449
MonoBehaviour:
  m_ObjectHideFlags: 0
  m_CorrespondingSourceObject: {fileID: 0}
  m_PrefabInstance: {fileID: 0}
  m_PrefabAsset: {fileID: 0}
  m_GameObject: {fileID: 7856298438407787576}
  m_Enabled: 1
  m_EditorHideFlags: 0
  m_Script: {fileID: 11500000, guid: b2635fc0286bdda369334f08c7272984, type: 3}
  m_Name: 
  m_EditorClassIdentifier: 
  ourFire: {fileID: 1459234702958998271}
  healthScript: {fileID: 7688290635521194558}
  heat: 0
  flameSprite: {fileID: 1459234702958998271}
  spriteRenders:
  - {fileID: 1322053251952171706}
  - {fileID: 1322053252204999953}
  - {fileID: 3430093835573167102}
  npcSound: {fileID: 0}
  sourceOfFire: {x: 0, y: 0, z: 0}
--- !u!1001 &494292239361921995
PrefabInstance:
  m_ObjectHideFlags: 0
  serializedVersion: 2
  m_Modification:
    m_TransformParent: {fileID: 7688290635521194532}
    m_Modifications:
    - target: {fileID: 5365271282703503883, guid: 6a8272a778711b8f2b95beff706070c4,
        type: 3}
      propertyPath: m_Name
      value: MoveToPoint (3)
      objectReference: {fileID: 0}
    - target: {fileID: 5365271282703503883, guid: 6a8272a778711b8f2b95beff706070c4,
        type: 3}
      propertyPath: m_Layer
      value: 8
      objectReference: {fileID: 0}
    - target: {fileID: 5365271282703503883, guid: 6a8272a778711b8f2b95beff706070c4,
        type: 3}
      propertyPath: m_IsActive
      value: 0
      objectReference: {fileID: 0}
    - target: {fileID: 5365271282703503892, guid: 6a8272a778711b8f2b95beff706070c4,
        type: 3}
      propertyPath: m_RootOrder
      value: 3
      objectReference: {fileID: 0}
    - target: {fileID: 5365271282703503892, guid: 6a8272a778711b8f2b95beff706070c4,
        type: 3}
      propertyPath: m_LocalPosition.x
      value: 0
      objectReference: {fileID: 0}
    - target: {fileID: 5365271282703503892, guid: 6a8272a778711b8f2b95beff706070c4,
        type: 3}
      propertyPath: m_LocalPosition.y
      value: 0
      objectReference: {fileID: 0}
    - target: {fileID: 5365271282703503892, guid: 6a8272a778711b8f2b95beff706070c4,
        type: 3}
      propertyPath: m_LocalPosition.z
      value: 0
      objectReference: {fileID: 0}
    - target: {fileID: 5365271282703503892, guid: 6a8272a778711b8f2b95beff706070c4,
        type: 3}
      propertyPath: m_LocalRotation.w
      value: 1
      objectReference: {fileID: 0}
    - target: {fileID: 5365271282703503892, guid: 6a8272a778711b8f2b95beff706070c4,
        type: 3}
      propertyPath: m_LocalRotation.x
      value: 0
      objectReference: {fileID: 0}
    - target: {fileID: 5365271282703503892, guid: 6a8272a778711b8f2b95beff706070c4,
        type: 3}
      propertyPath: m_LocalRotation.y
      value: 0
      objectReference: {fileID: 0}
    - target: {fileID: 5365271282703503892, guid: 6a8272a778711b8f2b95beff706070c4,
        type: 3}
      propertyPath: m_LocalRotation.z
      value: 0
      objectReference: {fileID: 0}
    - target: {fileID: 5365271282703503892, guid: 6a8272a778711b8f2b95beff706070c4,
        type: 3}
      propertyPath: m_LocalEulerAnglesHint.x
      value: 0
      objectReference: {fileID: 0}
    - target: {fileID: 5365271282703503892, guid: 6a8272a778711b8f2b95beff706070c4,
        type: 3}
      propertyPath: m_LocalEulerAnglesHint.y
      value: 0
      objectReference: {fileID: 0}
    - target: {fileID: 5365271282703503892, guid: 6a8272a778711b8f2b95beff706070c4,
        type: 3}
      propertyPath: m_LocalEulerAnglesHint.z
      value: 0
      objectReference: {fileID: 0}
    m_RemovedComponents: []
  m_SourcePrefab: {fileID: 100100000, guid: 6a8272a778711b8f2b95beff706070c4, type: 3}
--- !u!4 &5524036449575616991 stripped
Transform:
  m_CorrespondingSourceObject: {fileID: 5365271282703503892, guid: 6a8272a778711b8f2b95beff706070c4,
    type: 3}
  m_PrefabInstance: {fileID: 494292239361921995}
  m_PrefabAsset: {fileID: 0}
--- !u!1 &5524036449575616960 stripped
GameObject:
  m_CorrespondingSourceObject: {fileID: 5365271282703503883, guid: 6a8272a778711b8f2b95beff706070c4,
    type: 3}
  m_PrefabInstance: {fileID: 494292239361921995}
  m_PrefabAsset: {fileID: 0}
--- !u!1001 &4260537592159796979
PrefabInstance:
  m_ObjectHideFlags: 0
  serializedVersion: 2
  m_Modification:
    m_TransformParent: {fileID: 7688290635521194532}
    m_Modifications:
    - target: {fileID: 5365271282703503883, guid: 6a8272a778711b8f2b95beff706070c4,
        type: 3}
      propertyPath: m_Name
      value: MoveToPoint
      objectReference: {fileID: 0}
    - target: {fileID: 5365271282703503883, guid: 6a8272a778711b8f2b95beff706070c4,
        type: 3}
      propertyPath: m_Layer
      value: 8
      objectReference: {fileID: 0}
    - target: {fileID: 5365271282703503883, guid: 6a8272a778711b8f2b95beff706070c4,
        type: 3}
      propertyPath: m_IsActive
      value: 0
      objectReference: {fileID: 0}
    - target: {fileID: 5365271282703503892, guid: 6a8272a778711b8f2b95beff706070c4,
        type: 3}
      propertyPath: m_RootOrder
      value: 0
      objectReference: {fileID: 0}
    - target: {fileID: 5365271282703503892, guid: 6a8272a778711b8f2b95beff706070c4,
        type: 3}
      propertyPath: m_LocalPosition.x
      value: 0
      objectReference: {fileID: 0}
    - target: {fileID: 5365271282703503892, guid: 6a8272a778711b8f2b95beff706070c4,
        type: 3}
      propertyPath: m_LocalPosition.y
      value: 0
      objectReference: {fileID: 0}
    - target: {fileID: 5365271282703503892, guid: 6a8272a778711b8f2b95beff706070c4,
        type: 3}
      propertyPath: m_LocalPosition.z
      value: 0
      objectReference: {fileID: 0}
    - target: {fileID: 5365271282703503892, guid: 6a8272a778711b8f2b95beff706070c4,
        type: 3}
      propertyPath: m_LocalRotation.w
      value: 1
      objectReference: {fileID: 0}
    - target: {fileID: 5365271282703503892, guid: 6a8272a778711b8f2b95beff706070c4,
        type: 3}
      propertyPath: m_LocalRotation.x
      value: 0
      objectReference: {fileID: 0}
    - target: {fileID: 5365271282703503892, guid: 6a8272a778711b8f2b95beff706070c4,
        type: 3}
      propertyPath: m_LocalRotation.y
      value: 0
      objectReference: {fileID: 0}
    - target: {fileID: 5365271282703503892, guid: 6a8272a778711b8f2b95beff706070c4,
        type: 3}
      propertyPath: m_LocalRotation.z
      value: 0
      objectReference: {fileID: 0}
    - target: {fileID: 5365271282703503892, guid: 6a8272a778711b8f2b95beff706070c4,
        type: 3}
      propertyPath: m_LocalEulerAnglesHint.x
      value: 0
      objectReference: {fileID: 0}
    - target: {fileID: 5365271282703503892, guid: 6a8272a778711b8f2b95beff706070c4,
        type: 3}
      propertyPath: m_LocalEulerAnglesHint.y
      value: 0
      objectReference: {fileID: 0}
    - target: {fileID: 5365271282703503892, guid: 6a8272a778711b8f2b95beff706070c4,
        type: 3}
      propertyPath: m_LocalEulerAnglesHint.z
      value: 0
      objectReference: {fileID: 0}
    m_RemovedComponents: []
  m_SourcePrefab: {fileID: 100100000, guid: 6a8272a778711b8f2b95beff706070c4, type: 3}
--- !u!1 &8166501204193733880 stripped
GameObject:
  m_CorrespondingSourceObject: {fileID: 5365271282703503883, guid: 6a8272a778711b8f2b95beff706070c4,
    type: 3}
  m_PrefabInstance: {fileID: 4260537592159796979}
  m_PrefabAsset: {fileID: 0}
--- !u!4 &8166501204193733863 stripped
Transform:
  m_CorrespondingSourceObject: {fileID: 5365271282703503892, guid: 6a8272a778711b8f2b95beff706070c4,
    type: 3}
  m_PrefabInstance: {fileID: 4260537592159796979}
  m_PrefabAsset: {fileID: 0}
--- !u!1001 &5083748361811573425
PrefabInstance:
  m_ObjectHideFlags: 0
  serializedVersion: 2
  m_Modification:
    m_TransformParent: {fileID: 7688290635521194532}
    m_Modifications:
    - target: {fileID: 550128923881639047, guid: 1754ca8d518fe5b1f8fde9b77bd044ca,
        type: 3}
      propertyPath: m_Layer
      value: 8
      objectReference: {fileID: 0}
    - target: {fileID: 1092502492592633575, guid: 1754ca8d518fe5b1f8fde9b77bd044ca,
        type: 3}
      propertyPath: m_Layer
      value: 8
      objectReference: {fileID: 0}
    - target: {fileID: 3341191302564053647, guid: 1754ca8d518fe5b1f8fde9b77bd044ca,
        type: 3}
      propertyPath: m_Layer
      value: 8
      objectReference: {fileID: 0}
    - target: {fileID: 3753776448413191814, guid: 1754ca8d518fe5b1f8fde9b77bd044ca,
        type: 3}
      propertyPath: m_Layer
      value: 8
      objectReference: {fileID: 0}
    - target: {fileID: 3753776448413191814, guid: 1754ca8d518fe5b1f8fde9b77bd044ca,
        type: 3}
      propertyPath: m_IsActive
      value: 1
      objectReference: {fileID: 0}
    - target: {fileID: 5356949236032555317, guid: 1754ca8d518fe5b1f8fde9b77bd044ca,
        type: 3}
      propertyPath: m_Layer
      value: 8
      objectReference: {fileID: 0}
    - target: {fileID: 5881794833551393260, guid: 1754ca8d518fe5b1f8fde9b77bd044ca,
        type: 3}
      propertyPath: m_Layer
      value: 8
      objectReference: {fileID: 0}
    - target: {fileID: 6113067354095369860, guid: 1754ca8d518fe5b1f8fde9b77bd044ca,
        type: 3}
      propertyPath: m_Layer
      value: 8
      objectReference: {fileID: 0}
    - target: {fileID: 6113067354192351129, guid: 1754ca8d518fe5b1f8fde9b77bd044ca,
        type: 3}
      propertyPath: spriteRenderer
      value: 
      objectReference: {fileID: 1322053251669734697}
    - target: {fileID: 6113067354192351129, guid: 1754ca8d518fe5b1f8fde9b77bd044ca,
        type: 3}
      propertyPath: spriteSheetName
      value: NPC-ShortBow
      objectReference: {fileID: 0}
    - target: {fileID: 6113067354192351130, guid: 1754ca8d518fe5b1f8fde9b77bd044ca,
        type: 3}
      propertyPath: other
      value: 
      objectReference: {fileID: 7688290635521194532}
    - target: {fileID: 6113067354192351131, guid: 1754ca8d518fe5b1f8fde9b77bd044ca,
        type: 3}
      propertyPath: m_Controller
      value: 
      objectReference: {fileID: 9100000, guid: de63360d259e76e54a0c79b7d4eb2022, type: 2}
    - target: {fileID: 6113067354192351132, guid: 1754ca8d518fe5b1f8fde9b77bd044ca,
        type: 3}
      propertyPath: m_Layer
      value: 8
      objectReference: {fileID: 0}
    - target: {fileID: 6113067354229571885, guid: 1754ca8d518fe5b1f8fde9b77bd044ca,
        type: 3}
      propertyPath: m_Layer
      value: 8
      objectReference: {fileID: 0}
    - target: {fileID: 6113067354508419082, guid: 1754ca8d518fe5b1f8fde9b77bd044ca,
        type: 3}
      propertyPath: m_Controller
      value: 
      objectReference: {fileID: 9100000, guid: de63360d259e76e54a0c79b7d4eb2022, type: 2}
    - target: {fileID: 6113067354508419084, guid: 1754ca8d518fe5b1f8fde9b77bd044ca,
        type: 3}
      propertyPath: spriteRenderer
      value: 
      objectReference: {fileID: 1322053251952171706}
    - target: {fileID: 6113067354508419084, guid: 1754ca8d518fe5b1f8fde9b77bd044ca,
        type: 3}
      propertyPath: SpriteSheetName
      value: Zombie-Head1
      objectReference: {fileID: 0}
    - target: {fileID: 6113067354508419084, guid: 1754ca8d518fe5b1f8fde9b77bd044ca,
        type: 3}
      propertyPath: spriteSheetName
      value: NPC-Head1
      objectReference: {fileID: 0}
    - target: {fileID: 6113067354508419085, guid: 1754ca8d518fe5b1f8fde9b77bd044ca,
        type: 3}
      propertyPath: other
      value: 
      objectReference: {fileID: 7688290635521194532}
    - target: {fileID: 6113067354508419087, guid: 1754ca8d518fe5b1f8fde9b77bd044ca,
        type: 3}
      propertyPath: m_Layer
      value: 8
      objectReference: {fileID: 0}
    - target: {fileID: 6113067354727681951, guid: 1754ca8d518fe5b1f8fde9b77bd044ca,
        type: 3}
      propertyPath: m_Controller
      value: 
      objectReference: {fileID: 9100000, guid: de63360d259e76e54a0c79b7d4eb2022, type: 2}
    - target: {fileID: 6113067354727681952, guid: 1754ca8d518fe5b1f8fde9b77bd044ca,
        type: 3}
      propertyPath: m_Sprite
      value: 
      objectReference: {fileID: -4298345892085953899, guid: 349aade3b65fe63aa8e2be52c11d6d24,
        type: 3}
    - target: {fileID: 6113067354727681953, guid: 1754ca8d518fe5b1f8fde9b77bd044ca,
        type: 3}
      propertyPath: spriteRenderer
      value: 
      objectReference: {fileID: 1322053252204999953}
    - target: {fileID: 6113067354727681953, guid: 1754ca8d518fe5b1f8fde9b77bd044ca,
        type: 3}
      propertyPath: SpriteSheetName
      value: NPC-FireArcher
      objectReference: {fileID: 0}
    - target: {fileID: 6113067354727681953, guid: 1754ca8d518fe5b1f8fde9b77bd044ca,
        type: 3}
      propertyPath: spriteSheetName
      value: NPC-FireArcher
      objectReference: {fileID: 0}
    - target: {fileID: 6113067354727681954, guid: 1754ca8d518fe5b1f8fde9b77bd044ca,
        type: 3}
      propertyPath: other
      value: 
      objectReference: {fileID: 7688290635521194532}
    - target: {fileID: 6113067354727681956, guid: 1754ca8d518fe5b1f8fde9b77bd044ca,
        type: 3}
      propertyPath: m_Layer
      value: 8
      objectReference: {fileID: 0}
    - target: {fileID: 6113067354991976987, guid: 1754ca8d518fe5b1f8fde9b77bd044ca,
        type: 3}
      propertyPath: other
      value: 
      objectReference: {fileID: 4542869175088320620, guid: 8f504b0b2b7befab29176cd146870767,
        type: 3}
    - target: {fileID: 6113067354991976991, guid: 1754ca8d518fe5b1f8fde9b77bd044ca,
        type: 3}
      propertyPath: m_RootOrder
      value: 5
      objectReference: {fileID: 0}
    - target: {fileID: 6113067354991976991, guid: 1754ca8d518fe5b1f8fde9b77bd044ca,
        type: 3}
      propertyPath: m_LocalScale.x
      value: 3.8461537
      objectReference: {fileID: 0}
    - target: {fileID: 6113067354991976991, guid: 1754ca8d518fe5b1f8fde9b77bd044ca,
        type: 3}
      propertyPath: m_LocalScale.y
      value: 3.8461537
      objectReference: {fileID: 0}
    - target: {fileID: 6113067354991976991, guid: 1754ca8d518fe5b1f8fde9b77bd044ca,
        type: 3}
      propertyPath: m_LocalScale.z
      value: 0.66666675
      objectReference: {fileID: 0}
    - target: {fileID: 6113067354991976991, guid: 1754ca8d518fe5b1f8fde9b77bd044ca,
        type: 3}
      propertyPath: m_LocalPosition.x
      value: 0
      objectReference: {fileID: 0}
    - target: {fileID: 6113067354991976991, guid: 1754ca8d518fe5b1f8fde9b77bd044ca,
        type: 3}
      propertyPath: m_LocalPosition.y
      value: 0
      objectReference: {fileID: 0}
    - target: {fileID: 6113067354991976991, guid: 1754ca8d518fe5b1f8fde9b77bd044ca,
        type: 3}
      propertyPath: m_LocalPosition.z
      value: 0
      objectReference: {fileID: 0}
    - target: {fileID: 6113067354991976991, guid: 1754ca8d518fe5b1f8fde9b77bd044ca,
        type: 3}
      propertyPath: m_LocalRotation.w
      value: 0.7071068
      objectReference: {fileID: 0}
    - target: {fileID: 6113067354991976991, guid: 1754ca8d518fe5b1f8fde9b77bd044ca,
        type: 3}
      propertyPath: m_LocalRotation.x
      value: 0.7071068
      objectReference: {fileID: 0}
    - target: {fileID: 6113067354991976991, guid: 1754ca8d518fe5b1f8fde9b77bd044ca,
        type: 3}
      propertyPath: m_LocalRotation.y
      value: 0
      objectReference: {fileID: 0}
    - target: {fileID: 6113067354991976991, guid: 1754ca8d518fe5b1f8fde9b77bd044ca,
        type: 3}
      propertyPath: m_LocalRotation.z
      value: 0
      objectReference: {fileID: 0}
    - target: {fileID: 6113067354991976991, guid: 1754ca8d518fe5b1f8fde9b77bd044ca,
        type: 3}
      propertyPath: m_LocalEulerAnglesHint.x
      value: 90
      objectReference: {fileID: 0}
    - target: {fileID: 6113067354991976991, guid: 1754ca8d518fe5b1f8fde9b77bd044ca,
        type: 3}
      propertyPath: m_LocalEulerAnglesHint.y
      value: 0
      objectReference: {fileID: 0}
    - target: {fileID: 6113067354991976991, guid: 1754ca8d518fe5b1f8fde9b77bd044ca,
        type: 3}
      propertyPath: m_LocalEulerAnglesHint.z
      value: 0
      objectReference: {fileID: 0}
    - target: {fileID: 6113067354991976992, guid: 1754ca8d518fe5b1f8fde9b77bd044ca,
        type: 3}
      propertyPath: m_Name
      value: NPCwBow Art
      objectReference: {fileID: 0}
    - target: {fileID: 6113067354991976992, guid: 1754ca8d518fe5b1f8fde9b77bd044ca,
        type: 3}
      propertyPath: m_Layer
      value: 8
      objectReference: {fileID: 0}
    - target: {fileID: 6609407750135741331, guid: 1754ca8d518fe5b1f8fde9b77bd044ca,
        type: 3}
      propertyPath: m_Layer
      value: 8
      objectReference: {fileID: 0}
    - target: {fileID: 7475380143980431101, guid: 1754ca8d518fe5b1f8fde9b77bd044ca,
        type: 3}
      propertyPath: spriteSheetName
      value: none
      objectReference: {fileID: 0}
    - target: {fileID: 7546611458454676270, guid: 1754ca8d518fe5b1f8fde9b77bd044ca,
        type: 3}
      propertyPath: m_Layer
      value: 8
      objectReference: {fileID: 0}
    - target: {fileID: 7546611458454676270, guid: 1754ca8d518fe5b1f8fde9b77bd044ca,
        type: 3}
      propertyPath: m_IsActive
      value: 0
      objectReference: {fileID: 0}
    m_RemovedComponents:
    - {fileID: 6113067354991976987, guid: 1754ca8d518fe5b1f8fde9b77bd044ca, type: 3}
    - {fileID: 6113067354991976986, guid: 1754ca8d518fe5b1f8fde9b77bd044ca, type: 3}
  m_SourcePrefab: {fileID: 100100000, guid: 1754ca8d518fe5b1f8fde9b77bd044ca, type: 3}
--- !u!95 &1322053251952171707 stripped
Animator:
  m_CorrespondingSourceObject: {fileID: 6113067354508419082, guid: 1754ca8d518fe5b1f8fde9b77bd044ca,
    type: 3}
  m_PrefabInstance: {fileID: 5083748361811573425}
  m_PrefabAsset: {fileID: 0}
--- !u!1 &1322053252460959889 stripped
GameObject:
  m_CorrespondingSourceObject: {fileID: 6113067354991976992, guid: 1754ca8d518fe5b1f8fde9b77bd044ca,
    type: 3}
  m_PrefabInstance: {fileID: 5083748361811573425}
  m_PrefabAsset: {fileID: 0}
--- !u!4 &1322053252460959918 stripped
Transform:
  m_CorrespondingSourceObject: {fileID: 6113067354991976991, guid: 1754ca8d518fe5b1f8fde9b77bd044ca,
    type: 3}
  m_PrefabInstance: {fileID: 5083748361811573425}
  m_PrefabAsset: {fileID: 0}
--- !u!4 &1322053251564340274 stripped
Transform:
  m_CorrespondingSourceObject: {fileID: 6113067354095369859, guid: 1754ca8d518fe5b1f8fde9b77bd044ca,
    type: 3}
  m_PrefabInstance: {fileID: 5083748361811573425}
  m_PrefabAsset: {fileID: 0}
--- !u!4 &1322053251698572189 stripped
Transform:
  m_CorrespondingSourceObject: {fileID: 6113067354229571884, guid: 1754ca8d518fe5b1f8fde9b77bd044ca,
    type: 3}
  m_PrefabInstance: {fileID: 5083748361811573425}
  m_PrefabAsset: {fileID: 0}
--- !u!4 &8027900223281849047 stripped
Transform:
  m_CorrespondingSourceObject: {fileID: 3019046223458785382, guid: 1754ca8d518fe5b1f8fde9b77bd044ca,
    type: 3}
  m_PrefabInstance: {fileID: 5083748361811573425}
  m_PrefabAsset: {fileID: 0}
--- !u!4 &4323598703064067103 stripped
Transform:
  m_CorrespondingSourceObject: {fileID: 8830881774897305262, guid: 1754ca8d518fe5b1f8fde9b77bd044ca,
    type: 3}
  m_PrefabInstance: {fileID: 5083748361811573425}
  m_PrefabAsset: {fileID: 0}
--- !u!95 &8507449584516156875 stripped
Animator:
  m_CorrespondingSourceObject: {fileID: 3503117034179393402, guid: 1754ca8d518fe5b1f8fde9b77bd044ca,
    type: 3}
  m_PrefabInstance: {fileID: 5083748361811573425}
  m_PrefabAsset: {fileID: 0}
--- !u!212 &3430093835573167102 stripped
SpriteRenderer:
  m_CorrespondingSourceObject: {fileID: 7572589574582974799, guid: 1754ca8d518fe5b1f8fde9b77bd044ca,
    type: 3}
  m_PrefabInstance: {fileID: 5083748361811573425}
  m_PrefabAsset: {fileID: 0}
--- !u!95 &1322053251669734698 stripped
Animator:
  m_CorrespondingSourceObject: {fileID: 6113067354192351131, guid: 1754ca8d518fe5b1f8fde9b77bd044ca,
    type: 3}
  m_PrefabInstance: {fileID: 5083748361811573425}
  m_PrefabAsset: {fileID: 0}
--- !u!212 &1322053251669734697 stripped
SpriteRenderer:
  m_CorrespondingSourceObject: {fileID: 6113067354192351128, guid: 1754ca8d518fe5b1f8fde9b77bd044ca,
    type: 3}
  m_PrefabInstance: {fileID: 5083748361811573425}
  m_PrefabAsset: {fileID: 0}
--- !u!95 &1322053252204999982 stripped
Animator:
  m_CorrespondingSourceObject: {fileID: 6113067354727681951, guid: 1754ca8d518fe5b1f8fde9b77bd044ca,
    type: 3}
  m_PrefabInstance: {fileID: 5083748361811573425}
  m_PrefabAsset: {fileID: 0}
--- !u!212 &1322053252204999953 stripped
SpriteRenderer:
  m_CorrespondingSourceObject: {fileID: 6113067354727681952, guid: 1754ca8d518fe5b1f8fde9b77bd044ca,
    type: 3}
  m_PrefabInstance: {fileID: 5083748361811573425}
  m_PrefabAsset: {fileID: 0}
--- !u!212 &1322053251952171706 stripped
SpriteRenderer:
  m_CorrespondingSourceObject: {fileID: 6113067354508419083, guid: 1754ca8d518fe5b1f8fde9b77bd044ca,
    type: 3}
  m_PrefabInstance: {fileID: 5083748361811573425}
  m_PrefabAsset: {fileID: 0}
--- !u!1001 &6909207938641143649
PrefabInstance:
  m_ObjectHideFlags: 0
  serializedVersion: 2
  m_Modification:
    m_TransformParent: {fileID: 7688290635521194532}
    m_Modifications:
    - target: {fileID: 5365271282703503883, guid: 6a8272a778711b8f2b95beff706070c4,
        type: 3}
      propertyPath: m_Name
      value: MoveToPoint (4)
      objectReference: {fileID: 0}
    - target: {fileID: 5365271282703503883, guid: 6a8272a778711b8f2b95beff706070c4,
        type: 3}
      propertyPath: m_Layer
      value: 8
      objectReference: {fileID: 0}
    - target: {fileID: 5365271282703503883, guid: 6a8272a778711b8f2b95beff706070c4,
        type: 3}
      propertyPath: m_IsActive
      value: 0
      objectReference: {fileID: 0}
    - target: {fileID: 5365271282703503892, guid: 6a8272a778711b8f2b95beff706070c4,
        type: 3}
      propertyPath: m_RootOrder
      value: 4
      objectReference: {fileID: 0}
    - target: {fileID: 5365271282703503892, guid: 6a8272a778711b8f2b95beff706070c4,
        type: 3}
      propertyPath: m_LocalPosition.x
      value: 0
      objectReference: {fileID: 0}
    - target: {fileID: 5365271282703503892, guid: 6a8272a778711b8f2b95beff706070c4,
        type: 3}
      propertyPath: m_LocalPosition.y
      value: 0
      objectReference: {fileID: 0}
    - target: {fileID: 5365271282703503892, guid: 6a8272a778711b8f2b95beff706070c4,
        type: 3}
      propertyPath: m_LocalPosition.z
      value: 0
      objectReference: {fileID: 0}
    - target: {fileID: 5365271282703503892, guid: 6a8272a778711b8f2b95beff706070c4,
        type: 3}
      propertyPath: m_LocalRotation.w
      value: 1
      objectReference: {fileID: 0}
    - target: {fileID: 5365271282703503892, guid: 6a8272a778711b8f2b95beff706070c4,
        type: 3}
      propertyPath: m_LocalRotation.x
      value: 0
      objectReference: {fileID: 0}
    - target: {fileID: 5365271282703503892, guid: 6a8272a778711b8f2b95beff706070c4,
        type: 3}
      propertyPath: m_LocalRotation.y
      value: 0
      objectReference: {fileID: 0}
    - target: {fileID: 5365271282703503892, guid: 6a8272a778711b8f2b95beff706070c4,
        type: 3}
      propertyPath: m_LocalRotation.z
      value: 0
      objectReference: {fileID: 0}
    - target: {fileID: 5365271282703503892, guid: 6a8272a778711b8f2b95beff706070c4,
        type: 3}
      propertyPath: m_LocalEulerAnglesHint.x
      value: 0
      objectReference: {fileID: 0}
    - target: {fileID: 5365271282703503892, guid: 6a8272a778711b8f2b95beff706070c4,
        type: 3}
      propertyPath: m_LocalEulerAnglesHint.y
      value: 0
      objectReference: {fileID: 0}
    - target: {fileID: 5365271282703503892, guid: 6a8272a778711b8f2b95beff706070c4,
        type: 3}
      propertyPath: m_LocalEulerAnglesHint.z
      value: 0
      objectReference: {fileID: 0}
    m_RemovedComponents: []
  m_SourcePrefab: {fileID: 100100000, guid: 6a8272a778711b8f2b95beff706070c4, type: 3}
--- !u!4 &1555771352460703093 stripped
Transform:
  m_CorrespondingSourceObject: {fileID: 5365271282703503892, guid: 6a8272a778711b8f2b95beff706070c4,
    type: 3}
  m_PrefabInstance: {fileID: 6909207938641143649}
  m_PrefabAsset: {fileID: 0}
--- !u!1 &1555771352460703082 stripped
GameObject:
  m_CorrespondingSourceObject: {fileID: 5365271282703503883, guid: 6a8272a778711b8f2b95beff706070c4,
    type: 3}
  m_PrefabInstance: {fileID: 6909207938641143649}
  m_PrefabAsset: {fileID: 0}
--- !u!1001 &6979115892607363540
PrefabInstance:
  m_ObjectHideFlags: 0
  serializedVersion: 2
  m_Modification:
    m_TransformParent: {fileID: 7688290635521194532}
    m_Modifications:
    - target: {fileID: 5365271282703503883, guid: 6a8272a778711b8f2b95beff706070c4,
        type: 3}
      propertyPath: m_Name
      value: MoveToPoint (1)
      objectReference: {fileID: 0}
    - target: {fileID: 5365271282703503883, guid: 6a8272a778711b8f2b95beff706070c4,
        type: 3}
      propertyPath: m_Layer
      value: 8
      objectReference: {fileID: 0}
    - target: {fileID: 5365271282703503883, guid: 6a8272a778711b8f2b95beff706070c4,
        type: 3}
      propertyPath: m_IsActive
      value: 0
      objectReference: {fileID: 0}
    - target: {fileID: 5365271282703503892, guid: 6a8272a778711b8f2b95beff706070c4,
        type: 3}
      propertyPath: m_RootOrder
      value: 1
      objectReference: {fileID: 0}
    - target: {fileID: 5365271282703503892, guid: 6a8272a778711b8f2b95beff706070c4,
        type: 3}
      propertyPath: m_LocalPosition.x
      value: 0
      objectReference: {fileID: 0}
    - target: {fileID: 5365271282703503892, guid: 6a8272a778711b8f2b95beff706070c4,
        type: 3}
      propertyPath: m_LocalPosition.y
      value: 0
      objectReference: {fileID: 0}
    - target: {fileID: 5365271282703503892, guid: 6a8272a778711b8f2b95beff706070c4,
        type: 3}
      propertyPath: m_LocalPosition.z
      value: 0
      objectReference: {fileID: 0}
    - target: {fileID: 5365271282703503892, guid: 6a8272a778711b8f2b95beff706070c4,
        type: 3}
      propertyPath: m_LocalRotation.w
      value: 1
      objectReference: {fileID: 0}
    - target: {fileID: 5365271282703503892, guid: 6a8272a778711b8f2b95beff706070c4,
        type: 3}
      propertyPath: m_LocalRotation.x
      value: 0
      objectReference: {fileID: 0}
    - target: {fileID: 5365271282703503892, guid: 6a8272a778711b8f2b95beff706070c4,
        type: 3}
      propertyPath: m_LocalRotation.y
      value: 0
      objectReference: {fileID: 0}
    - target: {fileID: 5365271282703503892, guid: 6a8272a778711b8f2b95beff706070c4,
        type: 3}
      propertyPath: m_LocalRotation.z
      value: 0
      objectReference: {fileID: 0}
    - target: {fileID: 5365271282703503892, guid: 6a8272a778711b8f2b95beff706070c4,
        type: 3}
      propertyPath: m_LocalEulerAnglesHint.x
      value: 0
      objectReference: {fileID: 0}
    - target: {fileID: 5365271282703503892, guid: 6a8272a778711b8f2b95beff706070c4,
        type: 3}
      propertyPath: m_LocalEulerAnglesHint.y
      value: 0
      objectReference: {fileID: 0}
    - target: {fileID: 5365271282703503892, guid: 6a8272a778711b8f2b95beff706070c4,
        type: 3}
      propertyPath: m_LocalEulerAnglesHint.z
      value: 0
      objectReference: {fileID: 0}
    m_RemovedComponents: []
  m_SourcePrefab: {fileID: 100100000, guid: 6a8272a778711b8f2b95beff706070c4, type: 3}
--- !u!4 &3075827855142206400 stripped
Transform:
  m_CorrespondingSourceObject: {fileID: 5365271282703503892, guid: 6a8272a778711b8f2b95beff706070c4,
    type: 3}
  m_PrefabInstance: {fileID: 6979115892607363540}
  m_PrefabAsset: {fileID: 0}
--- !u!1 &3075827855142206431 stripped
GameObject:
  m_CorrespondingSourceObject: {fileID: 5365271282703503883, guid: 6a8272a778711b8f2b95beff706070c4,
    type: 3}
  m_PrefabInstance: {fileID: 6979115892607363540}
  m_PrefabAsset: {fileID: 0}
--- !u!1001 &9058164389100453790
PrefabInstance:
  m_ObjectHideFlags: 0
  serializedVersion: 2
  m_Modification:
    m_TransformParent: {fileID: 7688290635521194532}
    m_Modifications:
    - target: {fileID: 5365271282703503883, guid: 6a8272a778711b8f2b95beff706070c4,
        type: 3}
      propertyPath: m_Name
      value: MoveToPoint (2)
      objectReference: {fileID: 0}
    - target: {fileID: 5365271282703503883, guid: 6a8272a778711b8f2b95beff706070c4,
        type: 3}
      propertyPath: m_Layer
      value: 8
      objectReference: {fileID: 0}
    - target: {fileID: 5365271282703503883, guid: 6a8272a778711b8f2b95beff706070c4,
        type: 3}
      propertyPath: m_IsActive
      value: 0
      objectReference: {fileID: 0}
    - target: {fileID: 5365271282703503892, guid: 6a8272a778711b8f2b95beff706070c4,
        type: 3}
      propertyPath: m_RootOrder
      value: 2
      objectReference: {fileID: 0}
    - target: {fileID: 5365271282703503892, guid: 6a8272a778711b8f2b95beff706070c4,
        type: 3}
      propertyPath: m_LocalPosition.x
      value: 0
      objectReference: {fileID: 0}
    - target: {fileID: 5365271282703503892, guid: 6a8272a778711b8f2b95beff706070c4,
        type: 3}
      propertyPath: m_LocalPosition.y
      value: 0
      objectReference: {fileID: 0}
    - target: {fileID: 5365271282703503892, guid: 6a8272a778711b8f2b95beff706070c4,
        type: 3}
      propertyPath: m_LocalPosition.z
      value: 0
      objectReference: {fileID: 0}
    - target: {fileID: 5365271282703503892, guid: 6a8272a778711b8f2b95beff706070c4,
        type: 3}
      propertyPath: m_LocalRotation.w
      value: 1
      objectReference: {fileID: 0}
    - target: {fileID: 5365271282703503892, guid: 6a8272a778711b8f2b95beff706070c4,
        type: 3}
      propertyPath: m_LocalRotation.x
      value: 0
      objectReference: {fileID: 0}
    - target: {fileID: 5365271282703503892, guid: 6a8272a778711b8f2b95beff706070c4,
        type: 3}
      propertyPath: m_LocalRotation.y
      value: 0
      objectReference: {fileID: 0}
    - target: {fileID: 5365271282703503892, guid: 6a8272a778711b8f2b95beff706070c4,
        type: 3}
      propertyPath: m_LocalRotation.z
      value: 0
      objectReference: {fileID: 0}
    - target: {fileID: 5365271282703503892, guid: 6a8272a778711b8f2b95beff706070c4,
        type: 3}
      propertyPath: m_LocalEulerAnglesHint.x
      value: 0
      objectReference: {fileID: 0}
    - target: {fileID: 5365271282703503892, guid: 6a8272a778711b8f2b95beff706070c4,
        type: 3}
      propertyPath: m_LocalEulerAnglesHint.y
      value: 0
      objectReference: {fileID: 0}
    - target: {fileID: 5365271282703503892, guid: 6a8272a778711b8f2b95beff706070c4,
        type: 3}
      propertyPath: m_LocalEulerAnglesHint.z
      value: 0
      objectReference: {fileID: 0}
    m_RemovedComponents: []
  m_SourcePrefab: {fileID: 100100000, guid: 6a8272a778711b8f2b95beff706070c4, type: 3}
--- !u!4 &4017304648901291402 stripped
Transform:
  m_CorrespondingSourceObject: {fileID: 5365271282703503892, guid: 6a8272a778711b8f2b95beff706070c4,
    type: 3}
  m_PrefabInstance: {fileID: 9058164389100453790}
  m_PrefabAsset: {fileID: 0}
--- !u!1 &4017304648901291413 stripped
GameObject:
  m_CorrespondingSourceObject: {fileID: 5365271282703503883, guid: 6a8272a778711b8f2b95beff706070c4,
    type: 3}
  m_PrefabInstance: {fileID: 9058164389100453790}
  m_PrefabAsset: {fileID: 0}
