%YAML 1.1
%TAG !u! tag:unity3d.com,2011:
--- !u!136 &7111997869855346431
CapsuleCollider:
  m_ObjectHideFlags: 0
  m_CorrespondingSourceObject: {fileID: 0}
  m_PrefabInstance: {fileID: 0}
  m_PrefabAsset: {fileID: 0}
  m_GameObject: {fileID: 148782076238072477}
  m_Material: {fileID: 0}
  m_IsTrigger: 0
  m_Enabled: 1
  m_Radius: 0.2
  m_Height: 0.3
  m_Direction: 1
  m_Center: {x: 0.03, y: 0.2, z: 0.00000023841858}
--- !u!1 &3323337731748287848
GameObject:
  m_ObjectHideFlags: 0
  m_CorrespondingSourceObject: {fileID: 0}
  m_PrefabInstance: {fileID: 0}
  m_PrefabAsset: {fileID: 0}
  serializedVersion: 6
  m_Component:
  - component: {fileID: 9146108541390503255}
  - component: {fileID: 5046677187971465877}
  m_Layer: 0
  m_Name: BurntSprite
  m_TagString: Untagged
  m_Icon: {fileID: 0}
  m_NavMeshLayer: 0
  m_StaticEditorFlags: 0
  m_IsActive: 0
--- !u!4 &9146108541390503255
Transform:
  m_ObjectHideFlags: 0
  m_CorrespondingSourceObject: {fileID: 0}
  m_PrefabInstance: {fileID: 0}
  m_PrefabAsset: {fileID: 0}
  m_GameObject: {fileID: 3323337731748287848}
  m_LocalRotation: {x: 0.38268343, y: -0, z: -0, w: 0.92387956}
  m_LocalPosition: {x: 0, y: 0, z: 0}
  m_LocalScale: {x: 1.5, y: 0.9, z: 1}
  m_Children: []
  m_Father: {fileID: 6232559828249994163}
  m_RootOrder: 0
  m_LocalEulerAnglesHint: {x: 45, y: 0, z: 0}
--- !u!212 &5046677187971465877
SpriteRenderer:
  m_ObjectHideFlags: 0
  m_CorrespondingSourceObject: {fileID: 0}
  m_PrefabInstance: {fileID: 0}
  m_PrefabAsset: {fileID: 0}
  m_GameObject: {fileID: 3323337731748287848}
  m_Enabled: 1
  m_CastShadows: 0
  m_ReceiveShadows: 0
  m_DynamicOccludee: 1
  m_MotionVectors: 1
  m_LightProbeUsage: 1
  m_ReflectionProbeUsage: 1
  m_RayTracingMode: 0
  m_RenderingLayerMask: 1
  m_RendererPriority: 0
  m_Materials:
  - {fileID: 2100000, guid: 02b0c209e0c317a978ab01873bbe1ab9, type: 2}
  m_StaticBatchInfo:
    firstSubMesh: 0
    subMeshCount: 0
  m_StaticBatchRoot: {fileID: 0}
  m_ProbeAnchor: {fileID: 0}
  m_LightProbeVolumeOverride: {fileID: 0}
  m_ScaleInLightmap: 1
  m_ReceiveGI: 1
  m_PreserveUVs: 0
  m_IgnoreNormalsForChartDetection: 0
  m_ImportantGI: 0
  m_StitchLightmapSeams: 1
  m_SelectedEditorRenderState: 0
  m_MinimumChartSize: 4
  m_AutoUVMaxDistance: 0.5
  m_AutoUVMaxAngle: 89
  m_LightmapParameters: {fileID: 0}
  m_SortingLayerID: 0
  m_SortingLayer: 0
  m_SortingOrder: 1
  m_Sprite: {fileID: 21300000, guid: fe2f58dab47e98cab89835eb2e6029fa, type: 3}
  m_Color: {r: 1, g: 1, b: 1, a: 1}
  m_FlipX: 0
  m_FlipY: 0
  m_DrawMode: 0
  m_Size: {x: 1.09, y: 1.44}
  m_AdaptiveModeThreshold: 0.5
  m_SpriteTileMode: 0
  m_WasSpriteAssigned: 1
  m_MaskInteraction: 1
  m_SpriteSortPoint: 1
--- !u!1 &3970209463329415212
GameObject:
  m_ObjectHideFlags: 0
  m_CorrespondingSourceObject: {fileID: 0}
  m_PrefabInstance: {fileID: 0}
  m_PrefabAsset: {fileID: 0}
  serializedVersion: 6
  m_Component:
  - component: {fileID: 757969506532494625}
  - component: {fileID: 7833855365375347145}
  m_Layer: 0
  m_Name: TreeSprite
  m_TagString: Untagged
  m_Icon: {fileID: 0}
  m_NavMeshLayer: 0
  m_StaticEditorFlags: 0
  m_IsActive: 1
--- !u!4 &757969506532494625
Transform:
  m_ObjectHideFlags: 0
  m_CorrespondingSourceObject: {fileID: 0}
  m_PrefabInstance: {fileID: 0}
  m_PrefabAsset: {fileID: 0}
  m_GameObject: {fileID: 3970209463329415212}
  m_LocalRotation: {x: 0.38268343, y: -0, z: -0, w: 0.92387956}
  m_LocalPosition: {x: 0, y: 0, z: 0}
  m_LocalScale: {x: 1.5, y: 2, z: 1}
  m_Children: []
  m_Father: {fileID: 6232559828249994163}
  m_RootOrder: 1
  m_LocalEulerAnglesHint: {x: 45, y: 0, z: 0}
--- !u!212 &7833855365375347145
SpriteRenderer:
  m_ObjectHideFlags: 0
  m_CorrespondingSourceObject: {fileID: 0}
  m_PrefabInstance: {fileID: 0}
  m_PrefabAsset: {fileID: 0}
  m_GameObject: {fileID: 3970209463329415212}
  m_Enabled: 1
  m_CastShadows: 0
  m_ReceiveShadows: 0
  m_DynamicOccludee: 1
  m_MotionVectors: 1
  m_LightProbeUsage: 1
  m_ReflectionProbeUsage: 1
  m_RayTracingMode: 0
  m_RenderingLayerMask: 1
  m_RendererPriority: 0
  m_Materials:
  - {fileID: 2100000, guid: 02b0c209e0c317a978ab01873bbe1ab9, type: 2}
  m_StaticBatchInfo:
    firstSubMesh: 0
    subMeshCount: 0
  m_StaticBatchRoot: {fileID: 0}
  m_ProbeAnchor: {fileID: 0}
  m_LightProbeVolumeOverride: {fileID: 0}
  m_ScaleInLightmap: 1
  m_ReceiveGI: 1
  m_PreserveUVs: 0
  m_IgnoreNormalsForChartDetection: 0
  m_ImportantGI: 0
  m_StitchLightmapSeams: 1
  m_SelectedEditorRenderState: 0
  m_MinimumChartSize: 4
  m_AutoUVMaxDistance: 0.5
  m_AutoUVMaxAngle: 89
  m_LightmapParameters: {fileID: 0}
  m_SortingLayerID: 0
  m_SortingLayer: 0
  m_SortingOrder: 2
  m_Sprite: {fileID: 21300000, guid: a0809429fb293e122a4e4ceac1c09fc0, type: 3}
  m_Color: {r: 1, g: 1, b: 1, a: 1}
  m_FlipX: 0
  m_FlipY: 0
  m_DrawMode: 0
  m_Size: {x: 1.09, y: 1.44}
  m_AdaptiveModeThreshold: 0.5
  m_SpriteTileMode: 0
  m_WasSpriteAssigned: 1
  m_MaskInteraction: 1
  m_SpriteSortPoint: 1
--- !u!1 &6465375120354906017
GameObject:
  m_ObjectHideFlags: 0
  m_CorrespondingSourceObject: {fileID: 0}
  m_PrefabInstance: {fileID: 0}
  m_PrefabAsset: {fileID: 0}
  serializedVersion: 6
  m_Component:
  - component: {fileID: 6099509078412989892}
  - component: {fileID: 2863666198202269805}
  - component: {fileID: 6450658207577101367}
  - component: {fileID: 4587628566618245328}
  m_Layer: 15
  m_Name: WaterDetector
  m_TagString: Untagged
  m_Icon: {fileID: 0}
  m_NavMeshLayer: 0
  m_StaticEditorFlags: 0
  m_IsActive: 1
--- !u!4 &6099509078412989892
Transform:
  m_ObjectHideFlags: 0
  m_CorrespondingSourceObject: {fileID: 0}
  m_PrefabInstance: {fileID: 0}
  m_PrefabAsset: {fileID: 0}
  m_GameObject: {fileID: 6465375120354906017}
  m_LocalRotation: {x: -0, y: -0, z: -0, w: 1}
  m_LocalPosition: {x: 0, y: 0, z: 0}
  m_LocalScale: {x: 0.26, y: 0.3, z: 0.26}
  m_Children: []
  m_Father: {fileID: 9114053613926527619}
  m_RootOrder: 2
  m_LocalEulerAnglesHint: {x: 0, y: 0, z: 0}
--- !u!136 &2863666198202269805
CapsuleCollider:
  m_ObjectHideFlags: 0
  m_CorrespondingSourceObject: {fileID: 0}
  m_PrefabInstance: {fileID: 0}
  m_PrefabAsset: {fileID: 0}
  m_GameObject: {fileID: 6465375120354906017}
  m_Material: {fileID: 0}
  m_IsTrigger: 1
  m_Enabled: 1
  m_Radius: 0.1
  m_Height: 0.5
  m_Direction: 1
  m_Center: {x: 0, y: 0, z: 0}
--- !u!82 &6450658207577101367
AudioSource:
  m_ObjectHideFlags: 0
  m_CorrespondingSourceObject: {fileID: 0}
  m_PrefabInstance: {fileID: 0}
  m_PrefabAsset: {fileID: 0}
  m_GameObject: {fileID: 6465375120354906017}
  m_Enabled: 1
  serializedVersion: 4
  OutputAudioMixerGroup: {fileID: 0}
  m_audioClip: {fileID: 0}
  m_PlayOnAwake: 0
  m_Volume: 0.634
  m_Pitch: 1
  Loop: 0
  Mute: 0
  Spatialize: 0
  SpatializePostEffects: 0
  Priority: 128
  DopplerLevel: 1
  MinDistance: 1
  MaxDistance: 100
  Pan2D: 0
  rolloffMode: 1
  BypassEffects: 0
  BypassListenerEffects: 0
  BypassReverbZones: 0
  rolloffCustomCurve:
    serializedVersion: 2
    m_Curve:
    - serializedVersion: 3
      time: 0
      value: 1
      inSlope: 0
      outSlope: 0
      tangentMode: 0
      weightedMode: 0
      inWeight: 0.33333334
      outWeight: 0.33333334
    - serializedVersion: 3
      time: 1
      value: 0
      inSlope: 0
      outSlope: 0
      tangentMode: 0
      weightedMode: 0
      inWeight: 0.33333334
      outWeight: 0.33333334
    m_PreInfinity: 2
    m_PostInfinity: 2
    m_RotationOrder: 4
  panLevelCustomCurve:
    serializedVersion: 2
    m_Curve:
    - serializedVersion: 3
      time: 0
      value: 1
      inSlope: 0
      outSlope: 0
      tangentMode: 0
      weightedMode: 0
      inWeight: 0.33333334
      outWeight: 0.33333334
    m_PreInfinity: 2
    m_PostInfinity: 2
    m_RotationOrder: 4
  spreadCustomCurve:
    serializedVersion: 2
    m_Curve:
    - serializedVersion: 3
      time: 0
      value: 0
      inSlope: 0
      outSlope: 0
      tangentMode: 0
      weightedMode: 0
      inWeight: 0.33333334
      outWeight: 0.33333334
    m_PreInfinity: 2
    m_PostInfinity: 2
    m_RotationOrder: 4
  reverbZoneMixCustomCurve:
    serializedVersion: 2
    m_Curve:
    - serializedVersion: 3
      time: 0
      value: 1
      inSlope: 0
      outSlope: 0
      tangentMode: 0
      weightedMode: 0
      inWeight: 0.33333334
      outWeight: 0.33333334
    m_PreInfinity: 2
    m_PostInfinity: 2
    m_RotationOrder: 4
--- !u!114 &4587628566618245328
MonoBehaviour:
  m_ObjectHideFlags: 0
  m_CorrespondingSourceObject: {fileID: 0}
  m_PrefabInstance: {fileID: 0}
  m_PrefabAsset: {fileID: 0}
  m_GameObject: {fileID: 6465375120354906017}
  m_Enabled: 1
  m_EditorHideFlags: 0
  m_Script: {fileID: 11500000, guid: a6310f029fd67aeed801d98d95da6bc5, type: 3}
  m_Name: 
  m_EditorClassIdentifier: 
  spriteMask: {fileID: 8075876734971251364}
  sprites:
  - {fileID: 3323337731748287848}
  - {fileID: 3970209463329415212}
  depth: 0
  waterScripts: []
  splashPrefab: {fileID: 1919918915338095542, guid: b84613a335c601028a368b7a7c085c08,
    type: 3}
  audioSource: {fileID: 6450658207577101367}
  bigSplashSounds:
  - {fileID: 8300000, guid: 891e8b8d36879e86583c9202d3580bcc, type: 3}
  - {fileID: 8300000, guid: 68b541e37351e08fe84f699d42cc012b, type: 3}
  smallSplashSounds:
  - {fileID: 8300000, guid: f9ca2cddc97a97fb68a4a2d706d73587, type: 3}
  fireScript: {fileID: 6809480132884639848}
  fire: {fileID: 148782076238072477}
  maskDefaultY: 1.5
--- !u!1 &8075876734971251364
GameObject:
  m_ObjectHideFlags: 0
  m_CorrespondingSourceObject: {fileID: 0}
  m_PrefabInstance: {fileID: 0}
  m_PrefabAsset: {fileID: 0}
  serializedVersion: 6
  m_Component:
  - component: {fileID: 4613825293506098937}
  - component: {fileID: 2442379332498498850}
  m_Layer: 12
  m_Name: New Sprite Mask
  m_TagString: Untagged
  m_Icon: {fileID: 0}
  m_NavMeshLayer: 0
  m_StaticEditorFlags: 0
  m_IsActive: 1
--- !u!4 &4613825293506098937
Transform:
  m_ObjectHideFlags: 0
  m_CorrespondingSourceObject: {fileID: 0}
  m_PrefabInstance: {fileID: 0}
  m_PrefabAsset: {fileID: 0}
  m_GameObject: {fileID: 8075876734971251364}
  m_LocalRotation: {x: 0.38268343, y: 0, z: 0, w: 0.92387956}
  m_LocalPosition: {x: 0, y: 1.09, z: 1.13}
  m_LocalScale: {x: 2, y: 3, z: 1}
  m_Children: []
  m_Father: {fileID: 6232559828249994163}
  m_RootOrder: 2
  m_LocalEulerAnglesHint: {x: 45, y: 0, z: 0}
--- !u!331 &2442379332498498850
SpriteMask:
  m_ObjectHideFlags: 0
  m_CorrespondingSourceObject: {fileID: 0}
  m_PrefabInstance: {fileID: 0}
  m_PrefabAsset: {fileID: 0}
  m_GameObject: {fileID: 8075876734971251364}
  m_Enabled: 1
  m_CastShadows: 1
  m_ReceiveShadows: 1
  m_DynamicOccludee: 1
  m_MotionVectors: 1
  m_LightProbeUsage: 1
  m_ReflectionProbeUsage: 1
  m_RayTracingMode: 0
  m_RenderingLayerMask: 1
  m_RendererPriority: 0
  m_Materials:
  - {fileID: 10758, guid: 0000000000000000f000000000000000, type: 0}
  m_StaticBatchInfo:
    firstSubMesh: 0
    subMeshCount: 0
  m_StaticBatchRoot: {fileID: 0}
  m_ProbeAnchor: {fileID: 0}
  m_LightProbeVolumeOverride: {fileID: 0}
  m_ScaleInLightmap: 1
  m_ReceiveGI: 1
  m_PreserveUVs: 0
  m_IgnoreNormalsForChartDetection: 0
  m_ImportantGI: 0
  m_StitchLightmapSeams: 1
  m_SelectedEditorRenderState: 3
  m_MinimumChartSize: 4
  m_AutoUVMaxDistance: 0.5
  m_AutoUVMaxAngle: 89
  m_LightmapParameters: {fileID: 0}
  m_SortingLayerID: 0
  m_SortingLayer: 0
  m_SortingOrder: 0
  m_Sprite: {fileID: 21300000, guid: 6c45b60a9b10a05ba853e860fd4fa44a, type: 3}
  m_MaskAlphaCutoff: 0.2
  m_FrontSortingLayerID: 0
  m_BackSortingLayerID: 0
  m_FrontSortingLayer: 0
  m_BackSortingLayer: 0
  m_FrontSortingOrder: 0
  m_BackSortingOrder: 0
  m_IsCustomRangeActive: 0
  m_SpriteSortPoint: 0
--- !u!1 &8213106770357290483
GameObject:
  m_ObjectHideFlags: 0
  m_CorrespondingSourceObject: {fileID: 0}
  m_PrefabInstance: {fileID: 0}
  m_PrefabAsset: {fileID: 0}
  serializedVersion: 6
  m_Component:
  - component: {fileID: 6232559828249994163}
  - component: {fileID: 5467639652027883225}
  m_Layer: 12
  m_Name: Art
  m_TagString: Untagged
  m_Icon: {fileID: 0}
  m_NavMeshLayer: 0
  m_StaticEditorFlags: 0
  m_IsActive: 1
--- !u!4 &6232559828249994163
Transform:
  m_ObjectHideFlags: 0
  m_CorrespondingSourceObject: {fileID: 0}
  m_PrefabInstance: {fileID: 0}
  m_PrefabAsset: {fileID: 0}
  m_GameObject: {fileID: 8213106770357290483}
  m_LocalRotation: {x: -0, y: -0, z: -0, w: 1}
  m_LocalPosition: {x: 0, y: 0, z: 0}
  m_LocalScale: {x: 1, y: 1, z: 1}
  m_Children:
  - {fileID: 9146108541390503255}
  - {fileID: 757969506532494625}
  - {fileID: 4613825293506098937}
  m_Father: {fileID: 9114053613926527619}
  m_RootOrder: 3
  m_LocalEulerAnglesHint: {x: 0, y: 0, z: 0}
--- !u!210 &5467639652027883225
SortingGroup:
  m_ObjectHideFlags: 0
  m_CorrespondingSourceObject: {fileID: 0}
  m_PrefabInstance: {fileID: 0}
  m_PrefabAsset: {fileID: 0}
  m_GameObject: {fileID: 8213106770357290483}
  m_Enabled: 1
  m_SortingLayerID: 0
  m_SortingLayer: 0
  m_SortingOrder: 2
--- !u!1 &8335940840331321547
GameObject:
  m_ObjectHideFlags: 0
  m_CorrespondingSourceObject: {fileID: 0}
  m_PrefabInstance: {fileID: 0}
  m_PrefabAsset: {fileID: 0}
  serializedVersion: 6
  m_Component:
  - component: {fileID: 3598027012001591804}
  - component: {fileID: 6809480132884639848}
  - component: {fileID: 128056112498371049}
  m_Layer: 10
  m_Name: FireDetector
  m_TagString: Untagged
  m_Icon: {fileID: 0}
  m_NavMeshLayer: 0
  m_StaticEditorFlags: 0
  m_IsActive: 1
--- !u!4 &3598027012001591804
Transform:
  m_ObjectHideFlags: 0
  m_CorrespondingSourceObject: {fileID: 0}
  m_PrefabInstance: {fileID: 0}
  m_PrefabAsset: {fileID: 0}
  m_GameObject: {fileID: 8335940840331321547}
  m_LocalRotation: {x: 0, y: 0, z: 0, w: 1}
  m_LocalPosition: {x: 0, y: 0, z: 0}
  m_LocalScale: {x: 1, y: 1, z: 1}
  m_Children: []
  m_Father: {fileID: 9114053613926527619}
  m_RootOrder: 1
  m_LocalEulerAnglesHint: {x: 0, y: 0, z: 0}
--- !u!114 &6809480132884639848
MonoBehaviour:
  m_ObjectHideFlags: 0
  m_CorrespondingSourceObject: {fileID: 0}
  m_PrefabInstance: {fileID: 0}
  m_PrefabAsset: {fileID: 0}
  m_GameObject: {fileID: 8335940840331321547}
  m_Enabled: 1
  m_EditorHideFlags: 0
  m_Script: {fileID: 11500000, guid: 8d61ffb458c8d104280506f0e356605c, type: 3}
  m_Name: 
  m_EditorClassIdentifier: 
  on: 0
  heat: 0
  howHot: 10
  heatInc: 0
  fuel: 20
  windXDirection: 0
  windZDirection: 0
  howOften: 0.5
  sprite: {fileID: 3970209463329415212}
  burntSprite: {fileID: 3323337731748287848}
  renderer: {fileID: 7833855365375347145}
  fire: {fileID: 148782076238072477}
  fireCollider: {fileID: 7111997869855346431}
  radiusToBurn: 0
  swayScript: {fileID: 9114053613926527618}
  burnableInWater: 0
  minTime: 0.5
  maxTime: 1
  burnable: []
  boxCol: {fileID: 0}
  navObstacle: {fileID: -3589787726771139399}
  capCol: {fileID: 9114053613926527617}
--- !u!65 &128056112498371049
BoxCollider:
  m_ObjectHideFlags: 0
  m_CorrespondingSourceObject: {fileID: 0}
  m_PrefabInstance: {fileID: 0}
  m_PrefabAsset: {fileID: 0}
  m_GameObject: {fileID: 8335940840331321547}
  m_Material: {fileID: 0}
  m_IsTrigger: 1
  m_Enabled: 1
  serializedVersion: 2
  m_Size: {x: 1, y: 1.5, z: 1}
  m_Center: {x: 0, y: 0.5, z: 0}
--- !u!1 &9114053613926527628
GameObject:
  m_ObjectHideFlags: 0
  m_CorrespondingSourceObject: {fileID: 0}
  m_PrefabInstance: {fileID: 0}
  m_PrefabAsset: {fileID: 0}
  serializedVersion: 6
  m_Component:
  - component: {fileID: 9114053613926527619}
  - component: {fileID: 9114053613926527617}
  - component: {fileID: 9114053613926527618}
  - component: {fileID: -3589787726771139399}
  - component: {fileID: -5697666532051026952}
  m_Layer: 12
  m_Name: treeTaller3
  m_TagString: Tree
  m_Icon: {fileID: 0}
  m_NavMeshLayer: 0
  m_StaticEditorFlags: 0
  m_IsActive: 1
--- !u!4 &9114053613926527619
Transform:
  m_ObjectHideFlags: 0
  m_CorrespondingSourceObject: {fileID: 0}
  m_PrefabInstance: {fileID: 0}
  m_PrefabAsset: {fileID: 0}
  m_GameObject: {fileID: 9114053613926527628}
  m_LocalRotation: {x: 0, y: 0, z: 0, w: 1}
  m_LocalPosition: {x: -28.800001, y: 3.0500066, z: 0}
  m_LocalScale: {x: 5, y: 5, z: 5}
  m_Children:
  - {fileID: 148782076238072478}
  - {fileID: 3598027012001591804}
  - {fileID: 6099509078412989892}
  - {fileID: 6232559828249994163}
  m_Father: {fileID: 0}
  m_RootOrder: 0
  m_LocalEulerAnglesHint: {x: 0, y: 0, z: 0}
--- !u!136 &9114053613926527617
CapsuleCollider:
  m_ObjectHideFlags: 0
  m_CorrespondingSourceObject: {fileID: 0}
  m_PrefabInstance: {fileID: 0}
  m_PrefabAsset: {fileID: 0}
  m_GameObject: {fileID: 9114053613926527628}
  m_Material: {fileID: 0}
  m_IsTrigger: 0
  m_Enabled: 1
  m_Radius: 0.3
  m_Height: 1
  m_Direction: 1
  m_Center: {x: 0, y: 0.3, z: 0}
--- !u!114 &9114053613926527618
MonoBehaviour:
  m_ObjectHideFlags: 0
  m_CorrespondingSourceObject: {fileID: 0}
  m_PrefabInstance: {fileID: 0}
  m_PrefabAsset: {fileID: 0}
  m_GameObject: {fileID: 9114053613926527628}
  m_Enabled: 1
  m_EditorHideFlags: 0
  m_Script: {fileID: 11500000, guid: 07485cbbdb4cdf03faf41f8809e38de8, type: 3}
  m_Name: 
  m_EditorClassIdentifier: 
  on: 1
  baseSwayAmount: 7
  baseSpeed: 2
  speed: 1
  windScript: {fileID: 0}
--- !u!208 &-3589787726771139399
NavMeshObstacle:
  m_ObjectHideFlags: 0
  m_CorrespondingSourceObject: {fileID: 0}
  m_PrefabInstance: {fileID: 0}
  m_PrefabAsset: {fileID: 0}
  m_GameObject: {fileID: 9114053613926527628}
  m_Enabled: 1
  serializedVersion: 3
  m_Shape: 0
  m_Extents: {x: 0.35, y: 1, z: 0.35}
  m_MoveThreshold: 1
  m_Carve: 0
  m_CarveOnlyStationary: 1
  m_Center: {x: 0, y: 0, z: 0}
  m_TimeToStationary: 0
--- !u!54 &-5697666532051026952
Rigidbody:
  m_ObjectHideFlags: 0
  m_CorrespondingSourceObject: {fileID: 0}
  m_PrefabInstance: {fileID: 0}
  m_PrefabAsset: {fileID: 0}
  m_GameObject: {fileID: 9114053613926527628}
  serializedVersion: 2
  m_Mass: 300
  m_Drag: 0
  m_AngularDrag: 0.05
  m_UseGravity: 0
  m_IsKinematic: 0
  m_Interpolate: 0
  m_Constraints: 126
  m_CollisionDetection: 0
--- !u!1001 &2286591777815130651
PrefabInstance:
  m_ObjectHideFlags: 0
  serializedVersion: 2
  m_Modification:
    m_TransformParent: {fileID: 9114053613926527619}
    m_Modifications:
    - target: {fileID: 1285343212, guid: 766fce86972c2538cbc7e1bee12c0107, type: 3}
      propertyPath: maxTTL
      value: 10
      objectReference: {fileID: 0}
    - target: {fileID: 1285343212, guid: 766fce86972c2538cbc7e1bee12c0107, type: 3}
      propertyPath: maxTtl
      value: 20
      objectReference: {fileID: 0}
    - target: {fileID: 1285343212, guid: 766fce86972c2538cbc7e1bee12c0107, type: 3}
      propertyPath: minTTL
      value: 5
      objectReference: {fileID: 0}
    - target: {fileID: 1285343212, guid: 766fce86972c2538cbc7e1bee12c0107, type: 3}
      propertyPath: minTtl
      value: 10
      objectReference: {fileID: 0}
    - target: {fileID: 1285343212, guid: 766fce86972c2538cbc7e1bee12c0107, type: 3}
      propertyPath: maxSize
      value: 3
      objectReference: {fileID: 0}
    - target: {fileID: 1285343212, guid: 766fce86972c2538cbc7e1bee12c0107, type: 3}
      propertyPath: minSize
      value: 2
      objectReference: {fileID: 0}
    - target: {fileID: 1285343212, guid: 766fce86972c2538cbc7e1bee12c0107, type: 3}
      propertyPath: rootFire
      value: 1
      objectReference: {fileID: 0}
    - target: {fileID: 1285343212, guid: 766fce86972c2538cbc7e1bee12c0107, type: 3}
      propertyPath: spawnDist
      value: 5
      objectReference: {fileID: 0}
    - target: {fileID: 1285343212, guid: 766fce86972c2538cbc7e1bee12c0107, type: 3}
      propertyPath: objectFire
      value: 1
      objectReference: {fileID: 0}
    - target: {fileID: 1285343212, guid: 766fce86972c2538cbc7e1bee12c0107, type: 3}
      propertyPath: setScale.x
      value: 1.6
      objectReference: {fileID: 0}
    - target: {fileID: 1285343212, guid: 766fce86972c2538cbc7e1bee12c0107, type: 3}
      propertyPath: setScale.y
      value: 3.5
      objectReference: {fileID: 0}
    - target: {fileID: 1285343212, guid: 766fce86972c2538cbc7e1bee12c0107, type: 3}
      propertyPath: setScale.z
      value: 1.6
      objectReference: {fileID: 0}
    - target: {fileID: 2137819602047105157, guid: 766fce86972c2538cbc7e1bee12c0107,
        type: 3}
      propertyPath: m_RootOrder
      value: 0
      objectReference: {fileID: 0}
    - target: {fileID: 2137819602047105157, guid: 766fce86972c2538cbc7e1bee12c0107,
        type: 3}
      propertyPath: m_LocalScale.x
      value: 0.3
      objectReference: {fileID: 0}
    - target: {fileID: 2137819602047105157, guid: 766fce86972c2538cbc7e1bee12c0107,
        type: 3}
      propertyPath: m_LocalScale.y
      value: 0.8
      objectReference: {fileID: 0}
    - target: {fileID: 2137819602047105157, guid: 766fce86972c2538cbc7e1bee12c0107,
        type: 3}
      propertyPath: m_LocalScale.z
      value: 0.3
      objectReference: {fileID: 0}
    - target: {fileID: 2137819602047105157, guid: 766fce86972c2538cbc7e1bee12c0107,
        type: 3}
      propertyPath: m_LocalPosition.x
      value: -0.1
      objectReference: {fileID: 0}
    - target: {fileID: 2137819602047105157, guid: 766fce86972c2538cbc7e1bee12c0107,
        type: 3}
      propertyPath: m_LocalPosition.y
      value: 0.3
      objectReference: {fileID: 0}
    - target: {fileID: 2137819602047105157, guid: 766fce86972c2538cbc7e1bee12c0107,
        type: 3}
      propertyPath: m_LocalPosition.z
      value: 0
      objectReference: {fileID: 0}
    - target: {fileID: 2137819602047105157, guid: 766fce86972c2538cbc7e1bee12c0107,
        type: 3}
      propertyPath: m_LocalRotation.w
      value: 0.92387956
      objectReference: {fileID: 0}
    - target: {fileID: 2137819602047105157, guid: 766fce86972c2538cbc7e1bee12c0107,
        type: 3}
      propertyPath: m_LocalRotation.x
      value: 0.38268343
      objectReference: {fileID: 0}
    - target: {fileID: 2137819602047105157, guid: 766fce86972c2538cbc7e1bee12c0107,
        type: 3}
      propertyPath: m_LocalRotation.y
      value: 0
      objectReference: {fileID: 0}
    - target: {fileID: 2137819602047105157, guid: 766fce86972c2538cbc7e1bee12c0107,
        type: 3}
      propertyPath: m_LocalRotation.z
      value: 0
      objectReference: {fileID: 0}
    - target: {fileID: 2137819602047105157, guid: 766fce86972c2538cbc7e1bee12c0107,
        type: 3}
      propertyPath: m_LocalEulerAnglesHint.x
      value: 45
      objectReference: {fileID: 0}
    - target: {fileID: 2137819602047105157, guid: 766fce86972c2538cbc7e1bee12c0107,
        type: 3}
      propertyPath: m_LocalEulerAnglesHint.y
      value: 0
      objectReference: {fileID: 0}
    - target: {fileID: 2137819602047105157, guid: 766fce86972c2538cbc7e1bee12c0107,
        type: 3}
      propertyPath: m_LocalEulerAnglesHint.z
      value: 0
      objectReference: {fileID: 0}
    - target: {fileID: 2137819602047105158, guid: 766fce86972c2538cbc7e1bee12c0107,
        type: 3}
      propertyPath: m_Name
      value: Fire
      objectReference: {fileID: 0}
    - target: {fileID: 2137819602047105158, guid: 766fce86972c2538cbc7e1bee12c0107,
        type: 3}
      propertyPath: m_IsActive
      value: 0
      objectReference: {fileID: 0}
    - target: {fileID: 2137819602047105162, guid: 766fce86972c2538cbc7e1bee12c0107,
        type: 3}
      propertyPath: m_SortingOrder
      value: 3
      objectReference: {fileID: 0}
    - target: {fileID: 2137819602047105162, guid: 766fce86972c2538cbc7e1bee12c0107,
        type: 3}
      propertyPath: m_SpriteSortPoint
      value: 1
      objectReference: {fileID: 0}
    m_RemovedComponents:
    - {fileID: 1812252715, guid: 766fce86972c2538cbc7e1bee12c0107, type: 3}
  m_SourcePrefab: {fileID: 100100000, guid: 766fce86972c2538cbc7e1bee12c0107, type: 3}
--- !u!4 &148782076238072478 stripped
Transform:
  m_CorrespondingSourceObject: {fileID: 2137819602047105157, guid: 766fce86972c2538cbc7e1bee12c0107,
    type: 3}
  m_PrefabInstance: {fileID: 2286591777815130651}
  m_PrefabAsset: {fileID: 0}
--- !u!1 &148782076238072477 stripped
GameObject:
  m_CorrespondingSourceObject: {fileID: 2137819602047105158, guid: 766fce86972c2538cbc7e1bee12c0107,
    type: 3}
  m_PrefabInstance: {fileID: 2286591777815130651}
  m_PrefabAsset: {fileID: 0}
