%YAML 1.1
%TAG !u! tag:unity3d.com,2011:
--- !u!136 &2643414768471423171
CapsuleCollider:
  m_ObjectHideFlags: 0
  m_CorrespondingSourceObject: {fileID: 0}
  m_PrefabInstance: {fileID: 0}
  m_PrefabAsset: {fileID: 0}
  m_GameObject: {fileID: 1378204495806129725}
  m_Material: {fileID: 0}
  m_IsTrigger: 0
  m_Enabled: 1
  m_Radius: 0.13
  m_Height: 0.4
  m_Direction: 1
  m_Center: {x: 0, y: 0.18, z: 0}
--- !u!1 &1580532817921659202
GameObject:
  m_ObjectHideFlags: 0
  m_CorrespondingSourceObject: {fileID: 0}
  m_PrefabInstance: {fileID: 0}
  m_PrefabAsset: {fileID: 0}
  serializedVersion: 6
  m_Component:
  - component: {fileID: 2105334246822570488}
  - component: {fileID: 2855432030158669498}
  m_Layer: 12
  m_Name: Art
  m_TagString: Untagged
  m_Icon: {fileID: 0}
  m_NavMeshLayer: 0
  m_StaticEditorFlags: 0
  m_IsActive: 1
--- !u!4 &2105334246822570488
Transform:
  m_ObjectHideFlags: 0
  m_CorrespondingSourceObject: {fileID: 0}
  m_PrefabInstance: {fileID: 0}
  m_PrefabAsset: {fileID: 0}
  m_GameObject: {fileID: 1580532817921659202}
  m_LocalRotation: {x: -0, y: -0, z: -0, w: 1}
  m_LocalPosition: {x: 0, y: 0, z: 0}
  m_LocalScale: {x: 1, y: 1, z: 1}
  m_Children:
  - {fileID: 6216322446454787899}
  - {fileID: 3472672177991189474}
  - {fileID: 2505250145254717903}
  m_Father: {fileID: 5183892974548107587}
  m_RootOrder: 3
  m_LocalEulerAnglesHint: {x: 0, y: 0, z: 0}
--- !u!210 &2855432030158669498
SortingGroup:
  m_ObjectHideFlags: 0
  m_CorrespondingSourceObject: {fileID: 0}
  m_PrefabInstance: {fileID: 0}
  m_PrefabAsset: {fileID: 0}
  m_GameObject: {fileID: 1580532817921659202}
  m_Enabled: 1
  m_SortingLayerID: 0
  m_SortingLayer: 0
  m_SortingOrder: 2
--- !u!1 &6162871657269589453
GameObject:
  m_ObjectHideFlags: 0
  m_CorrespondingSourceObject: {fileID: 0}
  m_PrefabInstance: {fileID: 0}
  m_PrefabAsset: {fileID: 0}
  serializedVersion: 6
  m_Component:
  - component: {fileID: 5183892974548107587}
  - component: {fileID: 8357097481668560772}
  - component: {fileID: 8579153665115264574}
  - component: {fileID: -5249206375761756819}
  - component: {fileID: -5406646310711867291}
  m_Layer: 12
  m_Name: treeSmall1
  m_TagString: Tree
  m_Icon: {fileID: 0}
  m_NavMeshLayer: 0
  m_StaticEditorFlags: 0
  m_IsActive: 1
--- !u!4 &5183892974548107587
Transform:
  m_ObjectHideFlags: 0
  m_CorrespondingSourceObject: {fileID: 0}
  m_PrefabInstance: {fileID: 0}
  m_PrefabAsset: {fileID: 0}
  m_GameObject: {fileID: 6162871657269589453}
  m_LocalRotation: {x: 0, y: 0, z: 0, w: 1}
  m_LocalPosition: {x: 0, y: 0, z: 0}
  m_LocalScale: {x: 5, y: 5, z: 5}
  m_Children:
  - {fileID: 1378204495806129726}
  - {fileID: 1733460694077809873}
  - {fileID: 6431433368269760573}
  - {fileID: 2105334246822570488}
  m_Father: {fileID: 0}
  m_RootOrder: 0
  m_LocalEulerAnglesHint: {x: 0, y: 0, z: 0}
--- !u!136 &8357097481668560772
CapsuleCollider:
  m_ObjectHideFlags: 0
  m_CorrespondingSourceObject: {fileID: 0}
  m_PrefabInstance: {fileID: 0}
  m_PrefabAsset: {fileID: 0}
  m_GameObject: {fileID: 6162871657269589453}
  m_Material: {fileID: 0}
  m_IsTrigger: 0
  m_Enabled: 1
  m_Radius: 0.25
  m_Height: 0.5
  m_Direction: 1
  m_Center: {x: 0, y: 0.2, z: 0}
--- !u!114 &8579153665115264574
MonoBehaviour:
  m_ObjectHideFlags: 0
  m_CorrespondingSourceObject: {fileID: 0}
  m_PrefabInstance: {fileID: 0}
  m_PrefabAsset: {fileID: 0}
  m_GameObject: {fileID: 6162871657269589453}
  m_Enabled: 1
  m_EditorHideFlags: 0
  m_Script: {fileID: 11500000, guid: 07485cbbdb4cdf03faf41f8809e38de8, type: 3}
  m_Name: 
  m_EditorClassIdentifier: 
  on: 1
  baseSwayAmount: 5
  baseSpeed: 2
  speed: 1
  windScript: {fileID: 0}
--- !u!208 &-5249206375761756819
NavMeshObstacle:
  m_ObjectHideFlags: 0
  m_CorrespondingSourceObject: {fileID: 0}
  m_PrefabInstance: {fileID: 0}
  m_PrefabAsset: {fileID: 0}
  m_GameObject: {fileID: 6162871657269589453}
  m_Enabled: 1
  serializedVersion: 3
  m_Shape: 0
  m_Extents: {x: 0.3, y: 1, z: 0.3}
  m_MoveThreshold: 1
  m_Carve: 0
  m_CarveOnlyStationary: 1
  m_Center: {x: 0, y: 0, z: 0}
  m_TimeToStationary: 0
--- !u!54 &-5406646310711867291
Rigidbody:
  m_ObjectHideFlags: 0
  m_CorrespondingSourceObject: {fileID: 0}
  m_PrefabInstance: {fileID: 0}
  m_PrefabAsset: {fileID: 0}
  m_GameObject: {fileID: 6162871657269589453}
  serializedVersion: 2
  m_Mass: 300
  m_Drag: 0
  m_AngularDrag: 0.05
  m_UseGravity: 0
  m_IsKinematic: 0
  m_Interpolate: 0
  m_Constraints: 126
  m_CollisionDetection: 0
--- !u!1 &6756615840244002086
GameObject:
  m_ObjectHideFlags: 0
  m_CorrespondingSourceObject: {fileID: 0}
  m_PrefabInstance: {fileID: 0}
  m_PrefabAsset: {fileID: 0}
  serializedVersion: 6
  m_Component:
  - component: {fileID: 2505250145254717903}
  - component: {fileID: 3048478479307307828}
  m_Layer: 12
  m_Name: New Sprite Mask
  m_TagString: Untagged
  m_Icon: {fileID: 0}
  m_NavMeshLayer: 0
  m_StaticEditorFlags: 0
  m_IsActive: 1
--- !u!4 &2505250145254717903
Transform:
  m_ObjectHideFlags: 0
  m_CorrespondingSourceObject: {fileID: 0}
  m_PrefabInstance: {fileID: 0}
  m_PrefabAsset: {fileID: 0}
  m_GameObject: {fileID: 6756615840244002086}
  m_LocalRotation: {x: 0.38268343, y: 0, z: 0, w: 0.92387956}
  m_LocalPosition: {x: 0, y: 0.6, z: 0.5}
  m_LocalScale: {x: 2, y: 1.7, z: 1}
  m_Children: []
  m_Father: {fileID: 2105334246822570488}
  m_RootOrder: 2
  m_LocalEulerAnglesHint: {x: 45, y: 0, z: 0}
--- !u!331 &3048478479307307828
SpriteMask:
  m_ObjectHideFlags: 0
  m_CorrespondingSourceObject: {fileID: 0}
  m_PrefabInstance: {fileID: 0}
  m_PrefabAsset: {fileID: 0}
  m_GameObject: {fileID: 6756615840244002086}
  m_Enabled: 1
  m_CastShadows: 1
  m_ReceiveShadows: 1
  m_DynamicOccludee: 1
  m_MotionVectors: 1
  m_LightProbeUsage: 1
  m_ReflectionProbeUsage: 1
  m_RayTracingMode: 0
  m_RenderingLayerMask: 1
  m_RendererPriority: 0
  m_Materials:
  - {fileID: 10758, guid: 0000000000000000f000000000000000, type: 0}
  m_StaticBatchInfo:
    firstSubMesh: 0
    subMeshCount: 0
  m_StaticBatchRoot: {fileID: 0}
  m_ProbeAnchor: {fileID: 0}
  m_LightProbeVolumeOverride: {fileID: 0}
  m_ScaleInLightmap: 1
  m_ReceiveGI: 1
  m_PreserveUVs: 0
  m_IgnoreNormalsForChartDetection: 0
  m_ImportantGI: 0
  m_StitchLightmapSeams: 1
  m_SelectedEditorRenderState: 3
  m_MinimumChartSize: 4
  m_AutoUVMaxDistance: 0.5
  m_AutoUVMaxAngle: 89
  m_LightmapParameters: {fileID: 0}
  m_SortingLayerID: 0
  m_SortingLayer: 0
  m_SortingOrder: 0
  m_Sprite: {fileID: 21300000, guid: 6c45b60a9b10a05ba853e860fd4fa44a, type: 3}
  m_MaskAlphaCutoff: 0.2
  m_FrontSortingLayerID: 0
  m_BackSortingLayerID: 0
  m_FrontSortingLayer: 0
  m_BackSortingLayer: 0
  m_FrontSortingOrder: 0
  m_BackSortingOrder: 0
  m_IsCustomRangeActive: 0
  m_SpriteSortPoint: 0
--- !u!1 &8346217127726768677
GameObject:
  m_ObjectHideFlags: 0
  m_CorrespondingSourceObject: {fileID: 0}
  m_PrefabInstance: {fileID: 0}
  m_PrefabAsset: {fileID: 0}
  serializedVersion: 6
  m_Component:
  - component: {fileID: 1733460694077809873}
  - component: {fileID: 6971837641387080354}
  - component: {fileID: 5038307769476311764}
  - component: {fileID: 5097308001924063207}
  m_Layer: 10
  m_Name: FireDetector
  m_TagString: Untagged
  m_Icon: {fileID: 0}
  m_NavMeshLayer: 0
  m_StaticEditorFlags: 0
  m_IsActive: 1
--- !u!4 &1733460694077809873
Transform:
  m_ObjectHideFlags: 0
  m_CorrespondingSourceObject: {fileID: 0}
  m_PrefabInstance: {fileID: 0}
  m_PrefabAsset: {fileID: 0}
  m_GameObject: {fileID: 8346217127726768677}
  m_LocalRotation: {x: 0, y: 0, z: 0, w: 1}
  m_LocalPosition: {x: 0, y: 0, z: 0}
  m_LocalScale: {x: 1, y: 1, z: 1}
  m_Children: []
  m_Father: {fileID: 5183892974548107587}
  m_RootOrder: 1
  m_LocalEulerAnglesHint: {x: 0, y: 0, z: 0}
--- !u!65 &6971837641387080354
BoxCollider:
  m_ObjectHideFlags: 0
  m_CorrespondingSourceObject: {fileID: 0}
  m_PrefabInstance: {fileID: 0}
  m_PrefabAsset: {fileID: 0}
  m_GameObject: {fileID: 8346217127726768677}
  m_Material: {fileID: 0}
  m_IsTrigger: 1
  m_Enabled: 1
  serializedVersion: 2
  m_Size: {x: 0.8, y: 0.7, z: 0.7}
  m_Center: {x: 0, y: 0.3, z: 0}
--- !u!114 &5038307769476311764
MonoBehaviour:
  m_ObjectHideFlags: 0
  m_CorrespondingSourceObject: {fileID: 0}
  m_PrefabInstance: {fileID: 0}
  m_PrefabAsset: {fileID: 0}
  m_GameObject: {fileID: 8346217127726768677}
  m_Enabled: 1
  m_EditorHideFlags: 0
  m_Script: {fileID: 11500000, guid: 8d61ffb458c8d104280506f0e356605c, type: 3}
  m_Name: 
  m_EditorClassIdentifier: 
  on: 0
  heat: 0
  howHot: 2.5
  heatInc: 0
  fuel: 5
  windXDirection: 0
  windZDirection: 0
  howOften: 0.5
  sprite: {fileID: 8852990183267457986}
  burntSprite: {fileID: 9146144536664189262}
  renderer: {fileID: 7939733050669608588}
  fire: {fileID: 1378204495806129725}
  fireCollider: {fileID: 2643414768471423171}
  radiusToBurn: 3
  swayScript: {fileID: 8579153665115264574}
  burnableInWater: 0
  minTime: 0.5
  maxTime: 1
  burnable: []
  boxCol: {fileID: 0}
  navObstacle: {fileID: -5249206375761756819}
  capCol: {fileID: 8357097481668560772}
--- !u!65 &5097308001924063207
BoxCollider:
  m_ObjectHideFlags: 0
  m_CorrespondingSourceObject: {fileID: 0}
  m_PrefabInstance: {fileID: 0}
  m_PrefabAsset: {fileID: 0}
  m_GameObject: {fileID: 8346217127726768677}
  m_Material: {fileID: 0}
  m_IsTrigger: 1
  m_Enabled: 1
  serializedVersion: 2
  m_Size: {x: 0.7, y: 0.8, z: 0.7}
  m_Center: {x: 0, y: 0.3, z: 0}
--- !u!1 &8640862447190616840
GameObject:
  m_ObjectHideFlags: 0
  m_CorrespondingSourceObject: {fileID: 0}
  m_PrefabInstance: {fileID: 0}
  m_PrefabAsset: {fileID: 0}
  serializedVersion: 6
  m_Component:
  - component: {fileID: 6431433368269760573}
  - component: {fileID: 7173570929621877970}
  - component: {fileID: 498440778494378015}
  - component: {fileID: 5304967185757815481}
  m_Layer: 15
  m_Name: WaterDetector
  m_TagString: Untagged
  m_Icon: {fileID: 0}
  m_NavMeshLayer: 0
  m_StaticEditorFlags: 0
  m_IsActive: 1
--- !u!4 &6431433368269760573
Transform:
  m_ObjectHideFlags: 0
  m_CorrespondingSourceObject: {fileID: 0}
  m_PrefabInstance: {fileID: 0}
  m_PrefabAsset: {fileID: 0}
  m_GameObject: {fileID: 8640862447190616840}
  m_LocalRotation: {x: -0, y: -0, z: -0, w: 1}
  m_LocalPosition: {x: 0, y: 0, z: 0}
  m_LocalScale: {x: 0.26, y: 0.3, z: 0.26}
  m_Children: []
  m_Father: {fileID: 5183892974548107587}
  m_RootOrder: 2
  m_LocalEulerAnglesHint: {x: 0, y: 0, z: 0}
--- !u!136 &7173570929621877970
CapsuleCollider:
  m_ObjectHideFlags: 0
  m_CorrespondingSourceObject: {fileID: 0}
  m_PrefabInstance: {fileID: 0}
  m_PrefabAsset: {fileID: 0}
  m_GameObject: {fileID: 8640862447190616840}
  m_Material: {fileID: 0}
  m_IsTrigger: 1
  m_Enabled: 1
  m_Radius: 0.1
  m_Height: 0.5
  m_Direction: 1
  m_Center: {x: 0, y: 0, z: 0}
--- !u!82 &498440778494378015
AudioSource:
  m_ObjectHideFlags: 0
  m_CorrespondingSourceObject: {fileID: 0}
  m_PrefabInstance: {fileID: 0}
  m_PrefabAsset: {fileID: 0}
  m_GameObject: {fileID: 8640862447190616840}
  m_Enabled: 1
  serializedVersion: 4
  OutputAudioMixerGroup: {fileID: 0}
  m_audioClip: {fileID: 0}
  m_PlayOnAwake: 0
  m_Volume: 0.634
  m_Pitch: 1
  Loop: 0
  Mute: 0
  Spatialize: 0
  SpatializePostEffects: 0
  Priority: 128
  DopplerLevel: 1
  MinDistance: 1
  MaxDistance: 100
  Pan2D: 0
  rolloffMode: 1
  BypassEffects: 0
  BypassListenerEffects: 0
  BypassReverbZones: 0
  rolloffCustomCurve:
    serializedVersion: 2
    m_Curve:
    - serializedVersion: 3
      time: 0
      value: 1
      inSlope: 0
      outSlope: 0
      tangentMode: 0
      weightedMode: 0
      inWeight: 0.33333334
      outWeight: 0.33333334
    - serializedVersion: 3
      time: 1
      value: 0
      inSlope: 0
      outSlope: 0
      tangentMode: 0
      weightedMode: 0
      inWeight: 0.33333334
      outWeight: 0.33333334
    m_PreInfinity: 2
    m_PostInfinity: 2
    m_RotationOrder: 4
  panLevelCustomCurve:
    serializedVersion: 2
    m_Curve:
    - serializedVersion: 3
      time: 0
      value: 1
      inSlope: 0
      outSlope: 0
      tangentMode: 0
      weightedMode: 0
      inWeight: 0.33333334
      outWeight: 0.33333334
    m_PreInfinity: 2
    m_PostInfinity: 2
    m_RotationOrder: 4
  spreadCustomCurve:
    serializedVersion: 2
    m_Curve:
    - serializedVersion: 3
      time: 0
      value: 0
      inSlope: 0
      outSlope: 0
      tangentMode: 0
      weightedMode: 0
      inWeight: 0.33333334
      outWeight: 0.33333334
    m_PreInfinity: 2
    m_PostInfinity: 2
    m_RotationOrder: 4
  reverbZoneMixCustomCurve:
    serializedVersion: 2
    m_Curve:
    - serializedVersion: 3
      time: 0
      value: 1
      inSlope: 0
      outSlope: 0
      tangentMode: 0
      weightedMode: 0
      inWeight: 0.33333334
      outWeight: 0.33333334
    m_PreInfinity: 2
    m_PostInfinity: 2
    m_RotationOrder: 4
--- !u!114 &5304967185757815481
MonoBehaviour:
  m_ObjectHideFlags: 0
  m_CorrespondingSourceObject: {fileID: 0}
  m_PrefabInstance: {fileID: 0}
  m_PrefabAsset: {fileID: 0}
  m_GameObject: {fileID: 8640862447190616840}
  m_Enabled: 1
  m_EditorHideFlags: 0
  m_Script: {fileID: 11500000, guid: a6310f029fd67aeed801d98d95da6bc5, type: 3}
  m_Name: 
  m_EditorClassIdentifier: 
  spriteMask: {fileID: 6756615840244002086}
  sprites:
  - {fileID: 8852990183267457986}
  - {fileID: 9146144536664189262}
  depth: 0
  waterScripts: []
  splashPrefab: {fileID: 1919918915338095542, guid: b84613a335c601028a368b7a7c085c08,
    type: 3}
  audioSource: {fileID: 498440778494378015}
  bigSplashSounds:
  - {fileID: 8300000, guid: 891e8b8d36879e86583c9202d3580bcc, type: 3}
  - {fileID: 8300000, guid: 68b541e37351e08fe84f699d42cc012b, type: 3}
  smallSplashSounds:
  - {fileID: 8300000, guid: f9ca2cddc97a97fb68a4a2d706d73587, type: 3}
  fireScript: {fileID: 5038307769476311764}
  fire: {fileID: 1378204495806129725}
  maskDefaultY: 0.6
--- !u!1 &8852990183267457986
GameObject:
  m_ObjectHideFlags: 0
  m_CorrespondingSourceObject: {fileID: 0}
  m_PrefabInstance: {fileID: 0}
  m_PrefabAsset: {fileID: 0}
  serializedVersion: 6
  m_Component:
  - component: {fileID: 6216322446454787899}
  - component: {fileID: 7939733050669608588}
  m_Layer: 0
  m_Name: TreeSprite
  m_TagString: Untagged
  m_Icon: {fileID: 0}
  m_NavMeshLayer: 0
  m_StaticEditorFlags: 0
  m_IsActive: 1
--- !u!4 &6216322446454787899
Transform:
  m_ObjectHideFlags: 0
  m_CorrespondingSourceObject: {fileID: 0}
  m_PrefabInstance: {fileID: 0}
  m_PrefabAsset: {fileID: 0}
  m_GameObject: {fileID: 8852990183267457986}
  m_LocalRotation: {x: 0.38268343, y: -0, z: -0, w: 0.92387956}
  m_LocalPosition: {x: 0, y: 0, z: 0}
  m_LocalScale: {x: 1.5, y: 1.5, z: 1}
  m_Children: []
  m_Father: {fileID: 2105334246822570488}
  m_RootOrder: 0
  m_LocalEulerAnglesHint: {x: 45, y: 0, z: 0}
--- !u!212 &7939733050669608588
SpriteRenderer:
  m_ObjectHideFlags: 0
  m_CorrespondingSourceObject: {fileID: 0}
  m_PrefabInstance: {fileID: 0}
  m_PrefabAsset: {fileID: 0}
  m_GameObject: {fileID: 8852990183267457986}
  m_Enabled: 1
  m_CastShadows: 0
  m_ReceiveShadows: 0
  m_DynamicOccludee: 1
  m_MotionVectors: 1
  m_LightProbeUsage: 1
  m_ReflectionProbeUsage: 1
  m_RayTracingMode: 0
  m_RenderingLayerMask: 1
  m_RendererPriority: 0
  m_Materials:
  - {fileID: 2100000, guid: 02b0c209e0c317a978ab01873bbe1ab9, type: 2}
  m_StaticBatchInfo:
    firstSubMesh: 0
    subMeshCount: 0
  m_StaticBatchRoot: {fileID: 0}
  m_ProbeAnchor: {fileID: 0}
  m_LightProbeVolumeOverride: {fileID: 0}
  m_ScaleInLightmap: 1
  m_ReceiveGI: 1
  m_PreserveUVs: 0
  m_IgnoreNormalsForChartDetection: 0
  m_ImportantGI: 0
  m_StitchLightmapSeams: 1
  m_SelectedEditorRenderState: 0
  m_MinimumChartSize: 4
  m_AutoUVMaxDistance: 0.5
  m_AutoUVMaxAngle: 89
  m_LightmapParameters: {fileID: 0}
  m_SortingLayerID: 0
  m_SortingLayer: 0
  m_SortingOrder: 2
  m_Sprite: {fileID: 21300000, guid: 57b820d2122825ec1b3596ce80df3f3d, type: 3}
  m_Color: {r: 1, g: 1, b: 1, a: 1}
  m_FlipX: 0
  m_FlipY: 0
  m_DrawMode: 0
  m_Size: {x: 1.09, y: 1.44}
  m_AdaptiveModeThreshold: 0.5
  m_SpriteTileMode: 0
  m_WasSpriteAssigned: 1
  m_MaskInteraction: 1
  m_SpriteSortPoint: 1
--- !u!1 &9146144536664189262
GameObject:
  m_ObjectHideFlags: 0
  m_CorrespondingSourceObject: {fileID: 0}
  m_PrefabInstance: {fileID: 0}
  m_PrefabAsset: {fileID: 0}
  serializedVersion: 6
  m_Component:
  - component: {fileID: 3472672177991189474}
  - component: {fileID: 8502150225267852989}
  m_Layer: 0
  m_Name: BurntSprite
  m_TagString: Untagged
  m_Icon: {fileID: 0}
  m_NavMeshLayer: 0
  m_StaticEditorFlags: 0
  m_IsActive: 0
--- !u!4 &3472672177991189474
Transform:
  m_ObjectHideFlags: 0
  m_CorrespondingSourceObject: {fileID: 0}
  m_PrefabInstance: {fileID: 0}
  m_PrefabAsset: {fileID: 0}
  m_GameObject: {fileID: 9146144536664189262}
  m_LocalRotation: {x: 0.38268343, y: -0, z: -0, w: 0.92387956}
  m_LocalPosition: {x: 0, y: 0, z: 0}
  m_LocalScale: {x: 1.5, y: 1.5, z: 1}
  m_Children: []
  m_Father: {fileID: 2105334246822570488}
  m_RootOrder: 1
  m_LocalEulerAnglesHint: {x: 45, y: 0, z: 0}
--- !u!212 &8502150225267852989
SpriteRenderer:
  m_ObjectHideFlags: 0
  m_CorrespondingSourceObject: {fileID: 0}
  m_PrefabInstance: {fileID: 0}
  m_PrefabAsset: {fileID: 0}
  m_GameObject: {fileID: 9146144536664189262}
  m_Enabled: 1
  m_CastShadows: 0
  m_ReceiveShadows: 0
  m_DynamicOccludee: 1
  m_MotionVectors: 1
  m_LightProbeUsage: 1
  m_ReflectionProbeUsage: 1
  m_RayTracingMode: 0
  m_RenderingLayerMask: 1
  m_RendererPriority: 0
  m_Materials:
  - {fileID: 2100000, guid: 02b0c209e0c317a978ab01873bbe1ab9, type: 2}
  m_StaticBatchInfo:
    firstSubMesh: 0
    subMeshCount: 0
  m_StaticBatchRoot: {fileID: 0}
  m_ProbeAnchor: {fileID: 0}
  m_LightProbeVolumeOverride: {fileID: 0}
  m_ScaleInLightmap: 1
  m_ReceiveGI: 1
  m_PreserveUVs: 0
  m_IgnoreNormalsForChartDetection: 0
  m_ImportantGI: 0
  m_StitchLightmapSeams: 1
  m_SelectedEditorRenderState: 0
  m_MinimumChartSize: 4
  m_AutoUVMaxDistance: 0.5
  m_AutoUVMaxAngle: 89
  m_LightmapParameters: {fileID: 0}
  m_SortingLayerID: 0
  m_SortingLayer: 0
  m_SortingOrder: 2
  m_Sprite: {fileID: 21300000, guid: 1629f4a0640c3b146a0a166a0c2007d6, type: 3}
  m_Color: {r: 1, g: 1, b: 1, a: 1}
  m_FlipX: 0
  m_FlipY: 0
  m_DrawMode: 0
  m_Size: {x: 1.09, y: 1.44}
  m_AdaptiveModeThreshold: 0.5
  m_SpriteTileMode: 0
  m_WasSpriteAssigned: 1
  m_MaskInteraction: 1
  m_SpriteSortPoint: 1
--- !u!1001 &1048021730942820027
PrefabInstance:
  m_ObjectHideFlags: 0
  serializedVersion: 2
  m_Modification:
    m_TransformParent: {fileID: 5183892974548107587}
    m_Modifications:
    - target: {fileID: 1285343212, guid: 766fce86972c2538cbc7e1bee12c0107, type: 3}
      propertyPath: maxTTL
      value: 6
      objectReference: {fileID: 0}
    - target: {fileID: 1285343212, guid: 766fce86972c2538cbc7e1bee12c0107, type: 3}
      propertyPath: maxTtl
      value: 12
      objectReference: {fileID: 0}
    - target: {fileID: 1285343212, guid: 766fce86972c2538cbc7e1bee12c0107, type: 3}
      propertyPath: minTTL
      value: 3
      objectReference: {fileID: 0}
    - target: {fileID: 1285343212, guid: 766fce86972c2538cbc7e1bee12c0107, type: 3}
      propertyPath: minTtl
      value: 7
      objectReference: {fileID: 0}
    - target: {fileID: 1285343212, guid: 766fce86972c2538cbc7e1bee12c0107, type: 3}
      propertyPath: maxSize
      value: 2.1
      objectReference: {fileID: 0}
    - target: {fileID: 1285343212, guid: 766fce86972c2538cbc7e1bee12c0107, type: 3}
      propertyPath: minSize
      value: 1.8
      objectReference: {fileID: 0}
    - target: {fileID: 1285343212, guid: 766fce86972c2538cbc7e1bee12c0107, type: 3}
      propertyPath: spawnDist
      value: 3.5
      objectReference: {fileID: 0}
    - target: {fileID: 1285343212, guid: 766fce86972c2538cbc7e1bee12c0107, type: 3}
      propertyPath: objectFire
      value: 1
      objectReference: {fileID: 0}
    - target: {fileID: 1285343212, guid: 766fce86972c2538cbc7e1bee12c0107, type: 3}
      propertyPath: setScale.x
      value: 1
      objectReference: {fileID: 0}
    - target: {fileID: 1285343212, guid: 766fce86972c2538cbc7e1bee12c0107, type: 3}
      propertyPath: setScale.y
      value: 1.5
      objectReference: {fileID: 0}
    - target: {fileID: 1285343212, guid: 766fce86972c2538cbc7e1bee12c0107, type: 3}
      propertyPath: setScale.z
      value: 1
      objectReference: {fileID: 0}
    - target: {fileID: 1812252715, guid: 766fce86972c2538cbc7e1bee12c0107, type: 3}
      propertyPath: m_Size.x
      value: 0.39
      objectReference: {fileID: 0}
    - target: {fileID: 1812252715, guid: 766fce86972c2538cbc7e1bee12c0107, type: 3}
      propertyPath: m_Center.y
      value: -0.03
      objectReference: {fileID: 0}
    - target: {fileID: 1812252715, guid: 766fce86972c2538cbc7e1bee12c0107, type: 3}
      propertyPath: m_Center.z
      value: -6.49
      objectReference: {fileID: 0}
    - target: {fileID: 1812252715, guid: 766fce86972c2538cbc7e1bee12c0107, type: 3}
      propertyPath: m_IsTrigger
      value: 0
      objectReference: {fileID: 0}
    - target: {fileID: 2137819602047105157, guid: 766fce86972c2538cbc7e1bee12c0107,
        type: 3}
      propertyPath: m_RootOrder
      value: 0
      objectReference: {fileID: 0}
    - target: {fileID: 2137819602047105157, guid: 766fce86972c2538cbc7e1bee12c0107,
        type: 3}
      propertyPath: m_LocalScale.x
      value: 0.3
      objectReference: {fileID: 0}
    - target: {fileID: 2137819602047105157, guid: 766fce86972c2538cbc7e1bee12c0107,
        type: 3}
      propertyPath: m_LocalScale.y
      value: 0.5
      objectReference: {fileID: 0}
    - target: {fileID: 2137819602047105157, guid: 766fce86972c2538cbc7e1bee12c0107,
        type: 3}
      propertyPath: m_LocalScale.z
      value: 0.3
      objectReference: {fileID: 0}
    - target: {fileID: 2137819602047105157, guid: 766fce86972c2538cbc7e1bee12c0107,
        type: 3}
      propertyPath: m_LocalPosition.x
      value: -0.06
      objectReference: {fileID: 0}
    - target: {fileID: 2137819602047105157, guid: 766fce86972c2538cbc7e1bee12c0107,
        type: 3}
      propertyPath: m_LocalPosition.y
      value: 0.31
      objectReference: {fileID: 0}
    - target: {fileID: 2137819602047105157, guid: 766fce86972c2538cbc7e1bee12c0107,
        type: 3}
      propertyPath: m_LocalPosition.z
      value: 0
      objectReference: {fileID: 0}
    - target: {fileID: 2137819602047105157, guid: 766fce86972c2538cbc7e1bee12c0107,
        type: 3}
      propertyPath: m_LocalRotation.w
      value: 0.92387956
      objectReference: {fileID: 0}
    - target: {fileID: 2137819602047105157, guid: 766fce86972c2538cbc7e1bee12c0107,
        type: 3}
      propertyPath: m_LocalRotation.x
      value: 0.38268343
      objectReference: {fileID: 0}
    - target: {fileID: 2137819602047105157, guid: 766fce86972c2538cbc7e1bee12c0107,
        type: 3}
      propertyPath: m_LocalRotation.y
      value: 0
      objectReference: {fileID: 0}
    - target: {fileID: 2137819602047105157, guid: 766fce86972c2538cbc7e1bee12c0107,
        type: 3}
      propertyPath: m_LocalRotation.z
      value: 0
      objectReference: {fileID: 0}
    - target: {fileID: 2137819602047105157, guid: 766fce86972c2538cbc7e1bee12c0107,
        type: 3}
      propertyPath: m_LocalEulerAnglesHint.x
      value: 45
      objectReference: {fileID: 0}
    - target: {fileID: 2137819602047105157, guid: 766fce86972c2538cbc7e1bee12c0107,
        type: 3}
      propertyPath: m_LocalEulerAnglesHint.y
      value: 0
      objectReference: {fileID: 0}
    - target: {fileID: 2137819602047105157, guid: 766fce86972c2538cbc7e1bee12c0107,
        type: 3}
      propertyPath: m_LocalEulerAnglesHint.z
      value: 0
      objectReference: {fileID: 0}
    - target: {fileID: 2137819602047105158, guid: 766fce86972c2538cbc7e1bee12c0107,
        type: 3}
      propertyPath: m_Name
      value: Fire
      objectReference: {fileID: 0}
    - target: {fileID: 2137819602047105158, guid: 766fce86972c2538cbc7e1bee12c0107,
        type: 3}
      propertyPath: m_IsActive
      value: 0
      objectReference: {fileID: 0}
    - target: {fileID: 2137819602047105162, guid: 766fce86972c2538cbc7e1bee12c0107,
        type: 3}
      propertyPath: m_SortingOrder
      value: 3
      objectReference: {fileID: 0}
    - target: {fileID: 2137819602047105162, guid: 766fce86972c2538cbc7e1bee12c0107,
        type: 3}
      propertyPath: m_SpriteSortPoint
      value: 1
      objectReference: {fileID: 0}
    m_RemovedComponents:
    - {fileID: 1812252715, guid: 766fce86972c2538cbc7e1bee12c0107, type: 3}
  m_SourcePrefab: {fileID: 100100000, guid: 766fce86972c2538cbc7e1bee12c0107, type: 3}
--- !u!4 &1378204495806129726 stripped
Transform:
  m_CorrespondingSourceObject: {fileID: 2137819602047105157, guid: 766fce86972c2538cbc7e1bee12c0107,
    type: 3}
  m_PrefabInstance: {fileID: 1048021730942820027}
  m_PrefabAsset: {fileID: 0}
--- !u!1 &1378204495806129725 stripped
GameObject:
  m_CorrespondingSourceObject: {fileID: 2137819602047105158, guid: 766fce86972c2538cbc7e1bee12c0107,
    type: 3}
  m_PrefabInstance: {fileID: 1048021730942820027}
  m_PrefabAsset: {fileID: 0}
